4084 5634
453 802 495 862 28
703 814 840 861 ioannis
854 813 1131 859 sasasuamansrs
1267 794 1348 874 [mu.
1364 811 1408 861 rr.

453 969 539 1032 bello
560 967 704 1031 militiam
727 966 988 1046 detrectaverant,
1003 968 1037 1030 in
1060 967 1203 1031 Siciliam
1224 967 1311 1029 velut
1328 968 1409 1030 rele-

453 1070 545 1152 gatis,
557 1089 613 1152 per
627 1080 749 1151 septam
765 1089 867 1132 anuos
878 1068 1035 1132 hordeum
1050 1089 1093 1131 ex
1108 1068 1245 1131 Senatus
1260 1067 1408 1131 consulto

454 1169 564 1233 datum
598 1178 654 1232 est.
710 1170 809 1254 Appii
844 1168 972 1233 Claudii
1013 1170 1185 1245 sententia,
1214 1179 1408 1250 senatusque

454 1271 636 1334 consultum
666 1291 787 1346 omues,
813 1270 870 1353 qui
899 1291 918 1333 a
948 1269 1070 1353 Pyrrho
1100 1290 1173 1353 rege
1203 1270 1406 1351 Epirotarum

454 1372 552 1455 capti,
578 1384 611 1434 et
635 1384 749 1455 postea
771 1371 896 1435 remissi
919 1382 1019 1448 erant,
1043 1371 1169 1455 equites
1193 1370 1235 1434 ad
1265 1369 1406 1453 peditem

453 1474 586 1555 redegit,
600 1473 642 1537 ad
664 1475 766 1538 levem
789 1485 979 1537 armaturam
1001 1473 1151 1537 omuibus
1175 1485 1265 1536 extra
1288 1472 1406 1535 vallum

447 1575 549 1662 jussis
578 1575 718 1652 tendere,
743 1575 847 1639 donec
878 1577 955 1639 bina
983 1575 1124 1638 hostium
1155 1575 1261 1658 spolia
1289 1573 1408 1655 singuli

453 1676 612 1740 referrent.
657 1676 738 1739 Haec
759 1676 938 1739 Frontinus.
986 1672 1032 1737 At
1052 1674 1176 1737 Plinius
1195 1673 1315 1750 asserit,
1331 1672 1408 1756 quia

453 1777 513 1841 luit
537 1777 608 1840 haec
635 1797 764 1860 quoque
787 1777 964 1859 antiquitus
989 1774 1224 1840 animadversio
1248 1773 1404 1851 militaris,

448 1876 563 1962 jubere
578 1878 762 1960 ignominiae
777 1899 874 1941 causa
889 1878 982 1941 militi
998 1899 1113 1941 venam
1129 1877 1221 1955 solvi,
1232 1886 1265 1941 et
1279 1874 1407 1958 sangui·

454 2001 528 2043 nem
551 1979 676 2042 dimitti.
722 1978 823 2062 Cujus
847 1979 894 2041 rei
919 1980 1086 2057 rationem,
1105 1979 1164 2042 etsi
1186 1980 1220 2041 in
1245 1979 1407 2042 veteribus

452 2081 552 2145 literis
567 2102 632 2144 non
647 2085 786 2164 potuerit
800 2082 954 2157 iuvenire,
966 2082 1030 2144 lroc
1047 2093 1151 2143 tamen
1167 2079 1271 2163 primo
1285 2079 1405 2144 sactum

454 2183 602 2267 opinatur
623 2183 655 2245 in
682 2183 837 2246 militibus
861 2184 1019 2267 stupentis
1045 2179 1153 2254 animi,
1177 2192 1209 2243 et
1231 2201 1250 2243 a
1272 2180 1406 2243 naturali

451 2285 567 2359 habitu
583 2284 785 2366 declinantia
801 2298 914 2349 utnon
930 2299 994 2349 tam
1010 2305 1119 2369 poena,
1134 2304 1231 2366 quam
1245 2283 1407 2346 medicina

453 2388 619 2452 rideretur.
664 2389 781 2452 Postea
800 2399 907 2452 tamen
924 2390 965 2452 ob
981 2389 1134 2470 pleraque
1154 2385 1217 2448 alia
1239 2383 1358 2447 delicta
1372 2384 1406 2447 id

453 2490 631 2555 factitatum
664 2512 735 2554 esse
772 2490 882 2569 credit,
920 2511 977 2574 per
1009 2487 1285 2561 consuetudinem,
1315 2486 1407 2570 quasi

416 2617 418 2622 ·
454 2594 559 2659 minus
585 2594 654 2659 sani
685 2593 867 2659 riderentur
895 2613 1018 2671 omnes,
1044 2592 1099 2677 qui
1125 2602 1236 2654 contra
1263 2589 1407 2653 officium

454 2695 682 2782 delinquerent.
727 2698 811 2760 Nam
831 2695 959 2760 levioris
979 2696 1083 2780 culpae
1105 2703 1253 2756 nouerat
1271 2692 1407 2774 ignomi·
1439 2758 1443 2762 ,

452 2797 545 2860 niosa
558 2799 801 2876 animadversio,
815 2799 873 2860 etsi
887 2819 948 2861 nec
966 2797 1021 2860 illa
1036 2819 1079 2860 ex
1098 2796 1204 2877 rigore
1227 2794 1406 2877 discipliuae

453 2898 597 2959 militaris
624 2898 868 2960 dissimulationi
892 2900 999 2958 locum
1024 2898 1228 2976 relinqueret.
1272 2896 1405 2957 Veteres

454 3016 583 3079 quoque
598 2999 732 3058 Graecos
750 2997 881 3059 anulum
903 2997 1054 3058 habuisse
1075 2997 1109 3057 in
1132 2995 1267 3057 sinistras
1291 3015 1405 3057 manus

454 3096 555 3178 digito
571 3098 625 3182 qui
643 3097 773 3160 minimo
790 3096 956 3182 proximus
970 3105 1030 3170 est,
1041 3096 1245 3159 celeberrime
1261 3093 1406 3158 traditur.

453 3201 619 3264 Romanos
655 3223 784 3286 quoque
821 3199 969 3263 homines
1005 3199 1096 3263 aiunt
1132 3198 1178 3262 sic
1217 3199 1405 3282 plerumque

452 3303 585 3367 usitatos
600 3305 724 3368 anulis:
750 3324 942 3388 causamque
961 3303 1057 3388 hujus
1072 3303 1117 3366 rei
1132 3301 1237 3385 Apion
1258 3300 1292 3364 in
1314 3300 1405 3364 libris

451 3406 653 3488 AEgyptiacis
669 3407 758 3484 dicit,
770 3407 858 3488 quod
873 3407 1003 3471 insectis
1014 3406 1194 3489 apertisque
1206 3403 1404 3485 corporibus,

452 3515 488 3566 ut
506 3526 575 3567 mos
598 3506 666 3583 suit,
681 3528 763 3589 quas
779 3509 886 3570 Graeci
901 3507 1044 3584 ἅνατομὰς
1059 3515 1186 3579 vocant,
1205 3514 1403 3584 compertum

452 3616 510 3682 est,
525 3605 686 3689 quendam
707 3604 925 3670 tenuissimum
948 3626 1079 3669 nervum
1095 3606 1136 3667 ab
1152 3625 1190 3666 eo
1206 3625 1272 3665 nuo
1292 3602 1406 3684 digito,

453 3706 494 3770 de
517 3729 581 3791 quo
605 3706 756 3786 diximus,
772 3708 812 3771 ad
836 3730 892 3771 cor
914 3707 1053 3771 hominis
1075 3707 1264 3788 pertingere,
1279 3725 1316 3768 ac
1333 3725 1404 3789 per·

452 3809 580 3873 venire:
605 3810 771 3893 risumque
792 3831 861 3873 esse
883 3831 956 3874 eum
979 3809 1181 3893 potissimum
1197 3806 1331 3887 digitum
1347 3803 1403 3869 tali

452 3911 574 3974 honore
604 3909 831 3988 decorandum,
860 3911 916 3995 qui
946 3909 1126 3984 continens,
1152 3920 1185 3970 et
1210 3906 1300 3991 quasi
1326 3927 1404 3968 con·

452 4035 557 4079 nexus
587 4036 659 4078 eum
686 4014 867 4097 principatu
894 4010 1001 4076 cordis
1029 4011 1198 4074 videretur.
1244 4006 1341 4072 Unde
1371 4018 1404 4070 et

452 4117 542 4200 quasi
558 4115 713 4180 excordes
728 4115 870 4178 arbitrati
885 4124 960 4178 sunt
974 4111 1132 4176 curandos
1143 4122 1198 4174 aut
1212 4107 1403 4192 puniendos,

453 4219 509 4300 qui
538 4219 571 4281 in
598 4219 731 4281 militare
761 4217 901 4280 officium
931 4213 1150 4297 deliquissent.
1196 4213 1243 4276 Ut
1271 4211 1400 4274 redeam

452 4317 494 4379 ad
516 4320 720 4385 Frontinum:
746 4319 882 4385 Crassus
900 4341 920 4381 a
935 4317 1125 4401 Sempronio
1148 4316 1268 4392 Asello,
1283 4323 1314 4377 et
1333 4315 1402 4399 ple·

452 4418 557 4502 risque
581 4423 652 4485 aliis
681 4423 821 4487 historiae
847 4423 1003 4486 Romanae
1030 4419 1248 4504 scriptoribus,
1272 4415 1402 4481 traditur
