4084 5634
488 415 730 599 Qus,
1162 340 1488 633 [Μία
1537 462 1648 549 ω(

1345 641 1350 654 ’
1492 631 1649 736 Clam

636 876 694 934 184
891 885 1028 933 resume
1042 884 1323 934 sumunarsusrs
1428 870 1509 949 [ura.
1523 890 1582 934 vu.

632 1041 711 1104 alios
725 1056 889 1122 superesse
911 1040 1116 1124 temporibus.
1154 1041 1260 1104 Vitam
1281 1042 1421 1125 quietam
1436 1063 1583 1107 neceoea·

631 1142 709 1204 nam
733 1158 815 1215 esse,
839 1140 890 1203 vel
911 1139 1191 1228 Qdocet,
1216 1143 1271 1225 qni
1302 1139 1459 1205 studentis
1488 1143 1582 1206 inane

630 1240 818 1303 exercitium
836 1249 974 1323 reputat,
989 1240 1018 1303 si
1037 1238 1079 1303 ad
1097 1239 1215 1303 ostium
1234 1240 1304 1325 ejus
1321 1241 1533 1324 prementium
1548 1262 1583 1304 se

632 1342 821 1404 tumultuum
837 1343 930 1403 turba
944 1341 1060 1423 pulset.
1090 1341 1145 1404 Ait
1159 1340 1263 1404 enim:

736 1498 803 1560 Quis
813 1496 884 1550 locus
894 1497 1009 1565 ingenio,
1020 1497 1070 1549 nisi
1081 1514 1160 1566 quum
1171 1514 1200 1549 se
1210 1498 1323 1550 carmine
1333 1495 1388 1550 sele

735 1582 854 1648 Vexent,
866 1587 893 1636 et
904 1583 1015 1635 dominis
1028 1581 1145 1652 Cyrrhae,
1158 1572 1291 1652 Nyoeque
1301 1580 1418 1636 feruutur

736 1666 846 1720 Pectore
857 1672 954 1730 nosue,
967 1666 1033 1720 duas
1045 1683 1096 1719 non
1108 1666 1273 1720 admittentia
1284 1669 1376 1721 cerasi

735 1752 843 1820 Magnes
853 1752 948 1805 mentis
959 1767 1033 1823 opus,
1044 1768 1093 1804 nee
1104 1751 1137 1804 de
1148 1750 1232 1804 ladiec
1242 1753 1366 1824 paranda,

736 1839 872 1901 Attonitae,
884 1853 972 1892 eunus
981 1843 1008 1891 et
1019 1854 1107 1907 equos,
1119 1837 1251 1908 faciesque
1263 1838 1369 1893 deorum

735 1923 888 1994 Adspicere,
901 1929 928 1976 at
939 1923 1022 1992 qualia
1038 1923 1158 1977 Rutilum
1170 1923 1310 1979 mnfnndst
1322 1927 1443 1996 Erinnys.

632 2054 716 2116 Nam
743 2049 828 2134 quod
858 2052 952 2115 turba
981 2053 1122 2116 veritatis
1150 2055 1257 2116 lumen
1288 2054 1453 2138 impediat,
1481 2066 1586 2119 caecus
1652 2053 1656 2062 '

632 2153 849 2233 Evangelicus
871 2151 978 2228 docet,
1001 2174 1095 2237 quem
1119 2154 1220 2216 turbae
1244 2154 1461 2237 praecedentes
1483 2166 1515 2218 et
1537 2175 1585 2218 se·

630 2265 766 2340 quentes
791 2253 1003 2338 increpabant
1028 2253 1155 2338 pariter,
1182 2265 1218 2316 nt
1242 2266 1371 2318 taceret.
1416 2254 1583 2338 Siquidem
1647 2340 1649 2342 ,

632 2356 761 2420 dicente
777 2354 930 2430 Domino,
946 2357 1002 2440 qui
1017 2366 1162 2419 versatur
1177 2354 1210 2417 in
1226 2355 1338 2432 turbis,
1353 2356 1496 2419 turbetur
1510 2375 1586 2439 erga

631 2458 777 2543 plurima,
801 2477 865 2540 quo
887 2456 970 2519 nihil
992 2454 1108 2518 studiis
1130 2466 1184 2518 aut
1205 2455 1301 2519 bonis
1327 2454 1468 2520 moribus
1494 2477 1584 2521 exer·

632 2559 746 2624 cendia
760 2570 810 2622 est
820 2558 1043 2642 perniciosius.
1074 2557 1110 2622 Si
1125 2557 1212 2620 cuim
1224 2557 1376 2633 studium,
1389 2567 1424 2622 ut
1435 2558 1586 2623 Ciceroni

631 2663 748 2746 placet,
773 2675 822 2725 est
852 2660 1021 2724 vehemens
1051 2658 1226 2743 applicatio
1254 2660 1363 2734 animi,
1393 2658 1435 2724 ad
1464 2659 1588 2745 aliquid

561 2785 566 2799 ¹
632 2763 791 2847 egendum
807 2785 924 2846 magna
945 2784 1018 2827 cum
1034 2763 1196 2828 voluntate
1207 2785 1216 2841 3
1242 2765 1385 2847 prolecto
1405 2785 1497 2827 mens
1516 2784 1589 2848 quea

632 2868 756 2930 turbata
776 2865 817 2928 ad
837 2866 929 2948 plura
949 2864 1147 2944 distrahitur,
1163 2887 1367 2950 nequequam
1386 2867 1420 2929 in
1444 2887 1509 2929 nno
1529 2865 1588 2928 vir·

632 2967 710 3028 tutis
725 2987 835 3049 opere,
850 2965 987 3027 fideliter
1001 2978 1186 3048 occupatur.
1214 2966 1277 3028 Sed
1295 2966 1393 3029 studii
1404 2976 1481 3028 tunc
1497 2986 1588 3028 exer-

633 3068 742 3130 citatio
756 3065 927 3149 plurimum
943 3064 1081 3146 proficit,
1091 3085 1189 3146 quum
1200 3065 1299 3127 virtus
1312 3065 1345 3127 in
1358 3065 1504 3146 siugulis,
1514 3087 1586 3150 quae

630 3169 710 3251 legit
724 3179 781 3231 aut
794 3164 882 3230 audit
899 3165 1008 3243 homo,
1023 3165 1120 3229 tacito
1135 3163 1224 3247 apud
1238 3186 1272 3229 se
1287 3166 1354 3229 veri
1363 3166 1482 3251 judicii
1498 3190 1586 3233 scru-

632 3270 712 3336 tinio
727 3268 931 3335 convalescit
964 3267 1017 3331 lbi
1032 3288 1170 3352 namque
1184 3267 1265 3333 ratio
1281 3282 1399 3335 cuncta
1414 3270 1589 3349 examinat,

632 3385 665 3438 et
678 3369 815 3438 inactum
828 3371 970 3435 omnium
983 3369 1136 3455 appendit
1146 3371 1181 3434 in
1197 3381 1323 3436 statera.
1350 3371 1509 3436 Craterum
1523 3375 1588 3437 vita

631 3473 744 3555 quieta
764 3493 834 3535 esse
854 3494 918 3536 non
940 3482 1058 3556 potest,
1073 3472 1099 3536 si
1121 3483 1243 3536 netnrae
1262 3472 1441 3536 necessaria
1462 3475 1586 3536 subtre-

633 3572 770 3644 huntur3
803 3583 835 3633 et
859 3592 877 3632 e
900 3582 1011 3634 contre
1033 3573 1060 3633 si
1081 3572 1222 3634 luxuriat
1248 3571 1373 3633 animus
1395 3571 1429 3632 in
1455 3570 1589 3647 deliciis,

633 3692 736 3734 rerum
766 3671 928 3734 affluentia
952 3672 1061 3733 lumen
1092 3671 1246 3734 orationis
1275 3672 1444 3752 extinguit·
1489 3671 1586 3735 Unde

633 3772 785 3837 ioecunda
796 3772 931 3833 virorum
942 3781 1124 3853 paupertas,
1134 3784 1166 3835 et
1178 3793 1261 3835 verm
1272 3772 1458 3836 humilitatis
1468 3785 1589 3848 custos,

634 3886 666 3938 et
691 3875 780 3938 socia
804 3872 938 3948 virtutis,
964 3873 1137 3954 praemissis
1162 3872 1343 3951 adhibetur,
1369 3883 1404 3939 ut
1428 3875 1586 3940 luxuriam

634 3972 827 4038 moderatrix
842 3971 902 4035 ista
917 3981 1114 4054 compescat,
1130 3982 1163 4035 ct
1182 3973 1319 4037 stimulis
1338 3975 1404 4037 suis
1426 3975 1587 4039 hominem

634 4077 878 4144 rememorem,
890 4071 997 4134 officio
1009 4070 1134 4134 virtutis
1143 4070 1264 4155 jugiter
1273 4073 1391 4138 instare
1404 4077 1589 4157 compellat.

637 4181 784 4243 Honesta
794 4173 923 4259 quidem
936 4191 986 4236 res
997 4186 1055 4252 est,
1066 4185 1102 4236 ut
1116 4175 1162 4238 ait
1173 4175 1312 4257 sapiens,
1322 4176 1395 4239 laete
1409 4187 1590 4259 paupertas,

636 4300 696 4344 nec
719 4290 826 4343 tamen
847 4286 898 4339 est
920 4286 1101 4358 paupertas,
1121 4275 1148 4337 si
1170 4275 1254 4349 laeta,
1268 4273 1326 4337 sed
1348 4275 1452 4339 Croesi
1470 4273 1589 4342 divitiis

635 4381 749 4460 potior.
774 4376 872 4442 Unde
880 4373 1199 4458 Democritus,quum
1211 4373 1329 4438 divitiis
1341 4376 1461 4440 censeri
1471 4389 1589 4460 posset,

636 4500 707 4562 qnae
732 4490 826 4543 tantae
850 4479 988 4549 fuerunt,
1010 4485 1046 4539 ut
1070 4484 1162 4560 pater
1184 4474 1254 4559 ejus
1280 4479 1435 4542 exercitui
1464 4478 1588 4545 Xerxis
