4084 5634
483 866 553 912 cae.
571 852 636 931 111.]
843 866 1097 913 eonvcaaricos.
1123 890 1126 895 -
1372 854 1434 913 218

555 1017 632 1071 Nunc
644 1022 684 1069 eat
695 1016 816 1087 proiecto,
828 1015 939 1069 interfici
950 1034 1030 1085 quum
1043 1034 1084 1067 me
1097 1033 1201 1087 possum
1214 1020 1329 1088 perpeti:

554 1102 597 1153 Ne
608 1101 656 1154 hoc
667 1101 791 1168 gaudiam
803 1102 962 1153 contaminet
973 1101 1027 1152 vita
1039 1100 1194 1167 aegritudine
1205 1101 1300 1170 aliqua.

553 1187 606 1238 Sed
617 1188 748 1239 neminem
759 1187 801 1239 hic
814 1187 940 1238 curiosm
952 1187 1107 1238 intervenire
1117 1204 1185 1238 nunc
1196 1186 1260 1238 mibi

554 1272 607 1335 Qui
631 1290 672 1325 me
695 1279 826 1341 aequatur,
847 1273 942 1341 quique
959 1274 1016 1343 jam
1036 1272 1161 1340 rogando,
1180 1273 1314 1338 obtundat,
1332 1277 1436 1339 cruciat,

659 1364 760 1422 enecet,

554 1444 626 1507 Quid
634 1446 765 1513 gestiam?
782 1442 978 1511 autquidlaetos
989 1444 1057 1495 aim?
1076 1462 1126 1512 quo
1135 1448 1259 1516 pergam?
1275 1447 1344 1499 unde
1354 1464 1425 1499 emar

659 1532 736 1599 garn?
755 1530 800 1583 ubi
813 1531 877 1582 aiem

552 1618 686 1671 Vestitum
704 1618 772 1669 hunc
787 1619 897 1669 nactus?
917 1616 979 1685 quid
995 1616 1061 1667 mihi
1077 1619 1209 1685 quaeram?
1229 1635 1307 1671 sanus
1327 1621 1384 1682 aim,
1404 1637 1437 1672 an

658 1703 803 1753 insaniam?

486 1809 709 1889 Interrogatus
723 1804 792 1868 hoec
813 1805 928 1878 omnia,
946 1806 1018 1868 Imo
1038 1828 1108 1889 ego,
1124 1805 1241 1891 inquit,
1261 1821 1292 1871 te
1307 1808 1438 1873 obsecro

486 1906 638 1992 Antipho,
665 1917 701 1968 ut
723 1906 834 1970 audias
856 1906 972 1984 omnia,
995 1906 1106 1969 audias
1128 1907 1212 1973 diem
1235 1909 1362 1984 festum,
1384 1912 1437 1997 ju-

486 2007 627 2071 cundum
643 2019 802 2086 eventum,
819 2030 946 2071 suavem
969 2008 1143 2089 fortunam,
1157 2010 1190 2073 in
1213 2033 1317 2076 aevum
1338 2015 1439 2077 omni-

486 2109 546 2173 bus
562 2109 722 2173 historiam
748 2109 992 2172 memorandam·
1040 2111 1084 2174 Et
1105 2112 1154 2175 sui
1172 2135 1301 2198 quoque
1322 2113 1440 2178 luroris

486 2210 652 2274 subtexuit
672 2210 773 2274 dolos.
820 2212 858 2274 In
880 2234 1003 2275 summa
1025 2213 1124 2278 totius
1143 2216 1322 2298 argumenti
1342 2239 1380 2279 eo
1397 2216 1439 2280 ad

484 2334 623 2397 praeseos
638 2313 785 2376 universa
806 2313 874 2377 haec
895 2315 1034 2378 arbitror
1056 2338 1147 2400 posse
1171 2316 1292 2389 referri,
1310 2330 1346 2381 ut
1366 2340 1440 2381 con-

485 2428 546 2478 stet
568 2437 625 2499 pro
644 2428 742 2489 certo,
758 2418 835 2500 quia
857 2414 1005 2478 amicitiae
1029 2417 1213 2500 prostitutae
1232 2416 1310 2480 fides
1330 2418 1440 2483 haberi

484 2538 547 2578 non
571 2517 676 2581 debet.
723 2517 805 2579 Nam
828 2538 901 2601 quoe
922 2516 1008 2580 venit
1031 2540 1050 2578 a
1073 2517 1249 2581 sinceritate
1272 2520 1382 2597 animi,
1404 2521 1441 2584 fi-

485 2618 575 2691 delis,
588 2629 684 2692 certa,
696 2633 728 2681 et
738 2617 803 2679 lixa
818 2630 881 2686 est;
904 2639 976 2700 quae
987 2616 1029 2679 ab
1041 2639 1113 2680 arca
1125 2617 1173 2679 vel
1189 2616 1311 2693 loculis,
1328 2619 1439 2698 fluida,

484 2720 616 2793 incerta,
632 2741 773 2793 erronea,
788 2733 821 2779 et
835 2714 1001 2781 deficiente
1017 2717 1131 2782 viatico
1146 2721 1340 2784 emarcescit.

559 2847 648 2909 Quum
660 2845 762 2898 fortuna
774 2850 862 2896 manet
875 2843 975 2896 vultum
987 2844 1096 2896 servatis
1108 2845 1194 2908 amici,

593 2934 679 2997 Quum
689 2931 791 2995 cecidit,
803 2931 870 3000 turpi
882 2930 983 2981 vertitis
995 2946 1040 2980 ora
1052 2927 1126 2997 fuga.

487 3045 598 3111 Omnis
620 3043 703 3107 enim
727 3065 776 3105 res
798 3065 871 3126 quae
894 3043 926 3104 in
949 3042 1172 3106 commercium
1194 3044 1290 3121 venit,
1313 3046 1354 3109 ab
1378 3069 1442 3112 uno

489 3147 601 3210 transit
620 3144 662 3208 ad
684 3144 796 3220 alium,
812 3157 843 3208 et
858 3144 1005 3207 ditiorem
1021 3159 1052 3208 et
1075 3145 1249 3210 avidiorem
1270 3148 1441 3212 comitatur

489 3263 673 3332 emptorem.
719 3251 761 3310 llt
784 3245 853 3307 foro
874 3246 936 3308 isto
960 3244 1037 3309 nihil
1058 3245 1200 3331 iniquius
1220 3259 1278 3324 est,
1295 3272 1360 3332 quo
1375 3271 1441 3312 rem

490 3348 587 3413 semel
602 3348 729 3411 emissae
745 3368 805 3408 non
819 3345 973 3430 proderit,
986 3349 1045 3410 nisi
1062 3370 1185 3432 semper
1196 3363 1332 3428 ematur,
1343 3361 1374 3413 et
1386 3349 1441 3413 ubi

488 3447 624 3533 quisque
646 3469 711 3510 rem
735 3446 776 3509 ab
798 3444 860 3508 alio
882 3447 1042 3510 venditam
1068 3447 1222 3527 vendicat,
1244 3448 1303 3513 nisi
1325 3461 1356 3513 et
1380 3450 1441 3533 ipsi

488 3550 529 3615 de
553 3552 658 3635 precio
680 3547 825 3612 satisfiat.
873 3545 955 3620 Quis
977 3549 1060 3611 enim
1087 3549 1271 3633 popularem
1299 3549 1439 3614 favorem

488 3650 686 3715 vendiderit?
726 3650 757 3712 Si
774 3649 902 3732 publice
919 3649 1085 3714 habendus
1099 3664 1158 3725 est,
1174 3665 1298 3716 ematur
1313 3653 1354 3716 ab
1370 3653 1441 3717 uni-

489 3749 596 3813 versis.
643 3747 781 3831 Singulis
797 3748 879 3811 enim
904 3770 964 3811 non
986 3747 1059 3812 licet
1080 3750 1210 3833 publica
1229 3750 1313 3816 hona
1327 3751 1442 3817 distra-

489 3852 572 3914 here.
627 3850 665 3912 In
696 3846 857 3935 proverbii
886 3873 1018 3935 quoque
1047 3853 1308 3934 consuetudinem
1336 3852 1439 3916 venit:

489 3954 565 4040 quia
586 3953 715 4016 incauta
735 3949 862 4033 largitio
886 3951 1062 4013 nonhabet
1086 3951 1232 4015 fundum.
1284 3955 1442 4017 Praeterea

490 4080 586 4140 quem
616 4052 782 4140 popularis
805 4051 896 4114 lavor
920 4051 961 4115 ad
989 4074 1120 4114 munera
1150 4053 1276 4127 extulit,
1305 4057 1331 4117 si
1362 4054 1443 4118 forte

486 4156 659 4222 Thrasonis
680 4176 767 4217 more
789 4166 928 4236 emptam
951 4152 1166 4217 celebritatem
1191 4152 1304 4238 exigit,
1325 4170 1439 4219 contu·

489 4256 589 4319 meliis
604 4254 766 4329 affectum,
782 4253 899 4314 honore
915 4252 1098 4337 spoliatam,
1114 4253 1212 4316 Thais
1228 4254 1328 4318 altera
1345 4255 1441 4332 fama,

491 4368 524 4420 et
547 4359 660 4442 quavis
688 4356 815 4419 Thaide
842 4356 946 4418 minus
973 4354 1048 4429 lida,
1069 4378 1088 4416 a
1115 4370 1290 4440 praeempto
1317 4357 1443 4421 honoris

492 4459 596 4543 gradu
619 4470 715 4537 arcet,
737 4457 899 4542 deprimit,
921 4471 952 4520 et
981 4456 1117 4540 repellis.
1164 4458 1300 4524 insultat
1328 4458 1444 4537 rivalis,
