4084 5634
537 849 606 898 car.
624 840 683 918 ru]
882 851 1136 901 mercatrices.
1449 840 1488 900 ta

536 1014 646 1070 tutem.
690 1010 760 1073 Eos
782 1029 857 1089 ergo
879 1008 920 1071 ad
943 1008 1074 1091 gradum
1096 1009 1275 1086 militarem,
1298 1017 1330 1071 et
1348 1029 1490 1084 cursum,

537 1117 569 1168 et
591 1110 706 1171 saltum
728 1108 804 1172 fecit
826 1109 971 1182 excitari,
986 1129 1144 1191 usumque
1164 1107 1306 1180 natandi,
1328 1118 1361 1171 et
1379 1109 1488 1172 oaesim

539 1218 571 1270 et
592 1211 738 1291 punctim
762 1209 905 1283 feriendi,
929 1220 961 1273 et
984 1208 1129 1292 jaciendi
1151 1209 1294 1285 missilia,
1314 1221 1345 1271 et
1366 1208 1489 1291 lapides

537 1330 636 1372 manu
650 1312 700 1373 rel
717 1311 816 1374 sunda
838 1310 958 1388 docuit,
973 1324 1005 1373 et
1028 1312 1163 1394 qualiter
1180 1312 1300 1373 bellum
1322 1331 1417 1373 omne
1435 1317 1491 1372 aut

539 1412 686 1475 sustineri
704 1411 831 1490 debeat,
846 1429 900 1476 aut
917 1415 1035 1476 inferri.
1082 1413 1183 1477 Novit
1203 1413 1289 1476 enim
1312 1411 1492 1496 prudentis·

538 1513 637 1575 simus
652 1525 686 1576 et
700 1513 839 1594 diligens
853 1514 1035 1597 imperator,
1052 1514 1128 1596 quia

680 1651 741 1712 Quo
753 1650 836 1702 semel
848 1658 890 1703 est
900 1651 1002 1703 imbuta
1013 1668 1104 1703 recens
1116 1652 1228 1704 servabit
1238 1651 1342 1704 odorem

680 1735 765 1788 Testa
776 1736 830 1800 diu,

540 1873 574 1928 et
596 1865 685 1949 quod
715 1887 781 1928 non
804 1876 926 1929 tantum
949 1866 1097 1945 celerius,
1119 1867 1177 1930 sed
1203 1867 1298 1931 etiam
1320 1867 1492 1951 perfectius

541 1966 740 2042 imbuuntur,
750 1987 822 2048 quae
838 1965 1030 2028 discuntura
1041 1967 1159 2049 pueris.
1204 1968 1333 2031 Deinde
1348 1968 1493 2031 militaris

543 2066 698 2143 alacritas,
720 2066 831 2145 saltus,
854 2078 886 2129 et
909 2089 1029 2146 cursus,
1051 2078 1125 2131 ante
1148 2069 1363 2152 comparanda
1383 2078 1441 2143 est,
1461 2079 1494 2130 et

543 2165 758 2249 temperanda,
774 2188 869 2250 quam
886 2188 1001 2251 corpus
1015 2178 1109 2232 aetate
1124 2170 1293 2253 pigrescat.
1330 2170 1493 2233 Velocitaa

542 2267 625 2329 enim
642 2288 714 2351 quae
729 2278 884 2350 percepta
897 2279 929 2331 et
945 2268 1068 2332 firmata
1084 2282 1133 2333 est
1147 2271 1315 2349 exercitio,
1330 2281 1493 2334 strenuum

543 2367 641 2430 efficit
654 2369 848 2432 bellatorem.
895 2370 966 2432 Nec
990 2372 1125 2433 multum
1140 2373 1234 2434 refert
1249 2372 1274 2434 si
1290 2381 1407 2435 catera
1421 2393 1494 2455 pro·

542 2468 651 2532 bitatis
673 2481 867 2533 concurrant
888 2471 1035 2552 insignia,
1056 2472 1182 2554 proceri
1208 2473 1280 2550 sint,
1303 2494 1342 2536 an
1366 2483 1495 2536 staturae

542 2569 704 2632 brevioris.
748 2572 869 2634 Utilius
890 2581 940 2635 est
954 2573 1040 2635 enim
1061 2574 1176 2636 milites
1191 2573 1383 2650 fortesesse,
1398 2593 1495 2656 quam
1586 2643 1588 2646 ¹

542 2669 688 2751 grandes.
733 2671 899 2734 Delectori
922 2694 979 2734 suo
995 2673 1092 2735 fertur
1106 2673 1229 2734 dixisse
1244 2674 1405 2754 Pyrrhus:
1444 2674 1495 2735 Tu

543 2770 680 2850 grandes
695 2771 788 2851 elige,
803 2791 863 2852 ego
884 2792 939 2833 eos
961 2772 1059 2833 sortes
1079 2770 1220 2832 reddum.
1265 2771 1317 2834 Ad
1339 2773 1495 2834 tumulum

544 2870 733 2936 Archemori
756 2871 830 2933 dum
858 2870 954 2934 ludos
976 2873 1134 2934 solemnes
1157 2872 1282 2936 Graecia
1312 2872 1496 2951 celebraret,

544 2971 689 3055 Tydeum
706 2972 860 3055 Capaneo
876 2972 1060 3056 prestitisse
1075 2975 1259 3057 percelebre
1274 2984 1334 3052 est,
1349 2975 1423 3058 quia

684 3100 772 3172 Major
783 3101 809 3152 in
822 3102 919 3169 exigno
930 3102 1059 3169 regnabat
1070 3119 1174 3174 corpore
1185 3103 1274 3155 virtus.

546 3218 597 3282 De
626 3221 781 3282 exercitio
811 3222 923 3299 Magni
952 3223 1099 3305 Pompeii
1134 3236 1288 3286 memorat
1317 3224 1497 3302 Sallustius,

546 3319 721 3401 quodcum
738 3323 897 3383 alacribus
917 3324 1010 3398 saltu,
1025 3343 1098 3385 cum
1119 3323 1284 3386 velocibus
1304 3345 1408 3401 cursu,
1425 3346 1496 3388 cum

547 3419 663 3481 validis
699 3430 800 3496 vecte,
837 3421 990 3483 certabat.
1046 3421 1161 3503 Neque
1197 3422 1280 3485 enim
1316 3423 1371 3487 ille
1406 3424 1498 3489 aliter

546 3521 703 3602 potuisset
730 3542 788 3603 par
810 3542 880 3584 esse
903 3522 1055 3598 Sertorio,
1077 3521 1137 3583 nisi
1160 3541 1206 3596 se,
1229 3532 1262 3584 et
1282 3525 1399 3588 milites
1420 3547 1495 3590 suos

544 3622 763 3703 frequentibus
792 3623 952 3686 exercitiis
973 3635 1181 3706 praeparasset
1202 3622 1243 3686 ad
1268 3625 1387 3706 praelia.
1431 3629 1496 3692 Re·

546 3723 695 3799 cedendi,
710 3722 897 3801 assultandi,
911 3722 1075 3788 insiliendi
1095 3744 1145 3786 ars
1162 3744 1228 3786 non
1249 3725 1419 3791 mediocris
1437 3738 1496 3806 est,

547 3824 641 3907 cujus
656 3824 815 3886 beneficio
836 3824 892 3887 illa
913 3837 1054 3888 servatur
1076 3825 1210 3901 cautela,
1224 3835 1260 3887 ut
1278 3826 1371 3890 miles
1386 3829 1427 3892 ad
1446 3831 1495 3892 iu·

545 3923 712 3987 serendum
741 3925 867 4001 vulnus,
889 3926 934 3988 sic
957 3927 1100 4007 insurget
1121 3925 1154 3986 in
1176 3926 1311 4005 bostem,
1333 3939 1369 3990 ut
1391 3928 1494 3991 eidem

546 4043 588 4085 ex
602 4023 712 4104 aliqua
725 4033 813 4104 parte
834 4044 899 4085 non
922 4036 1030 4107 pateat
1050 4024 1089 4087 ad
1110 4026 1246 4107 plagam.
1291 4028 1495 4090 Exercitium

545 4123 678 4187 natandi
700 4123 960 4207 percommodum
979 4137 1038 4202 est,
1053 4146 1153 4209 quum
1168 4126 1202 4188 in
1223 4128 1361 4190 terrestri
1383 4126 1494 4206 praelio

545 4226 594 4287 vel
623 4224 739 4302 navali,
763 4223 851 4306 quod
880 4225 932 4287 cui
954 4226 1249 4318 necessitas'paret,
1271 4224 1394 4287 nemini
1423 4245 1496 4306 par·

547 4325 692 4405 spicuum
709 4325 759 4402 sit,
774 4344 835 4388 nec
850 4336 899 4388 est
913 4336 1094 4409 promptum
1111 4325 1296 4407 quempiam
1310 4335 1386 4400 arte,
1398 4346 1494 4408 quam

547 4413 612 4485 non
642 4425 765 4500 didicit,
789 4425 980 4507 apericulis
1011 4422 1169 4507 expediri.
1213 4423 1384 4488 Missilium
1415 4449 1494 4512 quo·
