4084 5634
551 803 627 850 car.
643 787 696 869 ι]
904 807 1162 855 rotrcsancos.
1466 800 1507 858 28

553 956 712 1021 hominem
741 959 813 1022 Deo
843 961 983 1043 praefert;
1012 983 1215 1047 nequaquam
1240 964 1378 1029 servabit
1406 964 1504 1033 fidem

551 1058 735 1136 secundam,
750 1062 805 1144 qui
822 1062 956 1145 primam
973 1063 1091 1126 irritam
1106 1064 1192 1128 facit.

549 1316 630 1400 Cap.
649 1321 699 1380 10.
733 1320 797 1383 ‘De
818 1322 1002 1402 privilegiis
1027 1321 1187 1390 militum:
1226 1330 1257 1384 el
1285 1322 1369 1407 quod
1392 1344 1501 1388 sacra·

592 1425 698 1482 mento
733 1424 863 1483 astricti
897 1430 974 1484 sunt
1007 1423 1158 1500 ecclesio,
1187 1430 1218 1485 cf
1248 1445 1348 1506 quare
1371 1426 1502 1506 gladius

592 1521 752 1601 offeratur
766 1524 877 1584 olfari.

591 1653 709 1717 Rucrs
725 1677 798 1718 sero
811 1656 1017 1719 militantium
1032 1655 1198 1738 privilegia
1214 1656 1312 1718 multa
1328 1665 1411 1734 sunt,
1427 1680 1498 1742 quae

546 1753 588 1818 de
609 1753 682 1838 jure
709 1756 841 1839 antiquo
867 1757 964 1820 latius
991 1766 1115 1840 patent
1160 1759 1245 1819 Nam
1274 1766 1307 1820 et
1337 1759 1500 1824 uberiores

547 1867 632 1930 sunt,
648 1868 681 1919 et
694 1857 841 1940 pluribus
858 1857 1112 1922 immunitatibus
1133 1857 1284 1939 gaudent.
1330 1861 1381 1922 Ab
1403 1882 1499 1944 anga-

547 1956 604 2021 riis
639 1968 672 2021 et
703 1958 908 2040 parangariis,
937 1970 969 2022 et
1002 1958 1142 2022 sordidis
1176 1960 1359 2023 muneribus
1393 1961 1498 2026 alieni.

546 2060 625 2126 Jura
647 2081 773 2144 quoque
796 2061 926 2124 licenter
946 2062 1104 2143 ignorant,
1129 2072 1161 2124 et
1183 2062 1260 2124 licet
1286 2062 1319 2124 in
1342 2073 1499 2144 potestate

546 2162 620 2239 sint,
629 2163 662 2225 in
681 2164 834 2227 castrensi
849 2163 976 2247 peculio
988 2163 1096 2227 testari
1111 2174 1257 2248 possunt,
1266 2174 1298 2226 et
1312 2184 1354 2226 ex
1370 2165 1499 2246 publica

545 2263 761 2342 solicitudine,
785 2264 872 2349 quod
896 2264 1071 2328 maximum
1097 2275 1155 2341 est,
1182 2284 1246 2327 non
1272 2264 1499 2346 permittuntur

545 2382 647 2442 egere,
669 2375 702 2427 et
724 2364 757 2428 iu
780 2366 865 2429 hunc
889 2365 1019 2428 modum
1043 2364 1186 2447 plurima,
1203 2386 1274 2449 quae
1296 2366 1426 2447 longum
1450 2378 1499 2430 est

543 2481 696 2526 enarrare.
742 2465 835 2528 Licet
871 2475 975 2527 autem
1006 2465 1080 2541 sint,
1111 2463 1166 2548 qui
1195 2465 1257 2527 sibi
1295 2486 1359 2527 non
1397 2468 1497 2530 teneri

545 2563 692 2628 ridentur
714 2567 857 2630 ecclesiae
880 2587 922 2628 ex
948 2576 1147 2628 sacramento
1172 2565 1309 2641 solenni,
1335 2567 1497 2650 quiajam

544 2683 586 2724 ex
612 2665 844 2728 consuetudine
869 2666 1057 2748 plerumque
1088 2685 1153 2725 non
1183 2675 1361 2746 praestatur,
1391 2667 1499 2728 nullus

545 2773 652 2825 tamen
668 2765 780 2846 estqui
796 2776 994 2828 sacramento
1005 2764 1103 2827 tacito
1118 2764 1169 2824 rel
1184 2784 1337 2847 expresso
1354 2765 1497 2828 eeclesiae

544 2886 609 2929 non
630 2876 776 2930 teneatur
796 2867 968 2930 obnoxius.
1012 2867 1058 2930 Et
1078 2861 1159 2928 forte
1180 2866 1253 2929 ideo
1273 2880 1376 2930 cessat
1392 2868 1497 2930 solen·

543 2967 627 3031 nitas
635 2968 823 3050 juramenti,
835 2969 911 3052 quia
922 2967 963 3031 ad
980 2968 1041 3032 hoc
1054 2988 1167 3030 omnes
1179 2966 1292 3030 inritet
1306 2977 1338 3030 et
1354 2978 1497 3033 coarctat

542 3070 717 3133 necessitas
751 3071 861 3146 officii,
892 3082 924 3133 et
960 3071 1128 3133 sinceritas
1164 3069 1250 3132 fidei.
1296 3069 1394 3133 Unde
1426 3070 1495 3154 jam

541 3169 674 3233 inolevit
703 3171 902 3235 consuetudo
937 3172 1089 3248 solennis,
1118 3182 1153 3233 ut
1182 3193 1220 3234 ea
1250 3172 1322 3253 ipsa
1350 3170 1400 3233 die
1432 3194 1496 3254 qua

543 3272 677 3354 quisque
699 3272 824 3334 militari
848 3271 978 3351 cingulo
1000 3271 1179 3347 decoratur,
1197 3269 1368 3332 ecclesiam
1391 3271 1494 3333 solen·

543 3371 626 3434 niter
647 3370 750 3448 adeat,
770 3371 938 3454 gladioque
962 3391 1058 3452 super
1080 3370 1177 3431 altare
1196 3367 1301 3451 posito
1321 3378 1353 3429 et
1376 3369 1495 3446 oblato,

543 3472 633 3562 quasi
662 3474 780 3537 celebri
810 3472 1008 3556 professione
1040 3470 1136 3544 facta,
1167 3468 1308 3552 seipsum
1340 3469 1493 3553 obsequio

541 3575 648 3638 altaris
674 3574 839 3654 devoveat,
860 3586 892 3638 et
916 3572 1025 3656 gladii,
1047 3570 1080 3634 id
1106 3580 1154 3633 est
1179 3569 1278 3633 officii
1304 3570 1364 3648 sui,
1379 3569 1492 3656 jugem

541 3677 613 3741 Deo
629 3675 786 3761 spondeat
799 3679 993 3741 famulatum.
1040 3675 1154 3757 Neque
1169 3692 1301 3735 necesse
1318 3684 1366 3735 est
1381 3685 1415 3737 ut
1429 3673 1492 3738 hoc

539 3777 727 3860 profiteatur
750 3779 859 3856 verbo,
881 3797 980 3861 quum
1007 3774 1151 3857 legitima
1175 3773 1331 3856 professio
1358 3773 1491 3850 militiae,

539 3879 626 3944 facto
651 3879 720 3963 ejus
746 3879 888 3942 videatur
910 3879 1039 3940 inserta·
1085 3873 1166 3944 Quis
1192 3872 1333 3935 enimin
1360 3873 1491 3940 homine

539 3979 698 4052 illiterato,
733 3993 765 4044 et
794 3979 850 4065 qui
878 3977 980 4060 magis
1009 3996 1096 4039 arma
1126 3974 1241 4036 debeat
1269 3994 1365 4037 nosse
1395 3995 1491 4057 qnam

538 4081 656 4160 literas,
678 4082 908 4166 professionem
932 4078 1041 4161 exigat
1065 4073 1243 4139 literarum?
1283 4076 1367 4137 Nam
1394 4075 1491 4154 Eprs·

539 4183 624 4266 copi,
649 4193 682 4246 et
709 4186 848 4247 Abbates
873 4181 1071 4267 professione
1101 4177 1218 4259 scripta
1245 4175 1295 4236 rel
1324 4174 1423 4249 dicta,
1448 4174 1489 4238 ad

539 4281 635 4346 fidem
661 4296 694 4349 et
721 4283 935 4347 obedientiam
965 4279 1112 4343 videntur
1141 4276 1263 4340 arctari.
1310 4272 1355 4335 Et
1385 4293 1490 4339 revera

540 4393 708 4460 arctantur,
721 4384 796 4470 quia
811 4383 881 4446 Deo
896 4379 1023 4444 mentiri
1039 4375 1201 4439 nonlicet.
1247 4371 1332 4435 Sane
1348 4384 1401 4438 ant
1416 4375 1489 4458 plus
