4084 5634
449 896 522 945 cre.
539 883 592 962 11.]
803 902 1058 948 norrcaarrcos.
1362 889 1403 948 8³

449 1101 531 1186 Cap.
554 1109 584 1165 2.
617 1105 668 1166 De
688 1124 797 1167 errore
819 1105 1104 1166 Academicorum:
1135 1112 1167 1166 et
1189 1125 1267 1186 quos
1288 1124 1399 1166 eorum

499 1205 595 1266 liceat
609 1206 749 1280 imitari,
764 1212 796 1266 et
811 1227 880 1288 qua
895 1214 970 1266 sunt
986 1205 1183 1268 dubitabilia
1198 1211 1351 1289 sapienti.

494 1338 570 1399 Nou
594 1349 700 1401 tamen
724 1359 846 1416 omnes,
868 1339 922 1421 qui
944 1338 1209 1401 Academicorum
1232 1351 1401 1402 censentur

452 1440 590 1517 nomine,
601 1439 686 1502 hanc
698 1438 771 1502 dico
787 1438 954 1502 modestiae
965 1440 1109 1519 regulam
1121 1440 1277 1515 tenuisse3
1300 1461 1398 1523 quum

450 1547 483 1598 et
496 1538 650 1619 professio
667 1539 767 1602 scissa
782 1539 833 1614 sit,
848 1546 882 1601 et
904 1558 962 1619 pro
985 1546 1075 1618 parte
1099 1548 1162 1599 tam
1186 1538 1261 1599 risui
1284 1549 1400 1621 pateat,

439 1659 545 1721 ·quam
561 1641 666 1703 errori.
712 1640 798 1712 Quid
814 1639 899 1702 enim
921 1640 1072 1722 ineptius,
1088 1661 1183 1722 quam
1199 1640 1351 1703 fluctuare
1367 1641 1399 1702 in

450 1739 596 1822 singulis,
611 1753 644 1804 et
657 1741 778 1803 nullius
793 1742 838 1803 rei
854 1741 973 1803 habere
990 1740 1224 1814 certitudinem,
1238 1751 1270 1804 et
1283 1763 1399 1805 nomeu

451 1840 642 1924 Philosophi
656 1839 817 1925 profiteri?
852 1843 935 1904 Nam
951 1840 1063 1924 quide
1079 1843 1227 1905 omnibus
1242 1843 1400 1919 dubitant,

449 1965 491 2005 eo
516 1943 604 2025 quod
625 1944 706 2006 nihil
728 1944 867 2007 habeant
890 1957 1022 2021 certam,
1038 1957 1101 2007 tam
1126 1967 1145 2007 a
1169 1943 1241 2017 fide,
1261 1967 1356 2029 qnam
1381 1967 1400 2008 a

452 2045 587 2108 scientia
608 2046 703 2109 alieni
727 2058 809 2109 snat.
860 2047 954 2109 Licet
975 2047 1063 2109 enim
1087 2047 1168 2110 fides
1190 2049 1231 2111 ad
1254 2048 1399 2111 scientiar

452 2147 595 2210 bravium
624 2171 688 2212 non
717 2148 891 2232 perveniat,
918 2147 994 2211 dum
1025 2150 1116 2232 quasi
1146 2170 1205 2233 per
1233 2151 1398 2234 speculum

453 2248 613 2310 veritatem
640 2249 820 2312 absentium
848 2260 1027 2324 contuetur,
1051 2249 1147 2311 babet
1172 2259 1278 2312 tamen
1304 2250 1400 2312 certi-

451 2348 605 2426 tudinem,
620 2352 756 2433 caligine
777 2350 994 2430 ambiguitatis
1014 2351 1160 2412 exclusa.
1204 2351 1302 2413 Porro
1317 2351 1343 2413 si
1359 2350 1399 2413 de

449 2450 582 2532 singulis
598 2452 810 2515 Academicus
826 2450 961 2524 dubitat,
977 2449 1018 2512 de
1039 2452 1128 2513 nullo
1143 2462 1249 2514 certus
1264 2466 1322 2530 est,
1337 2452 1399 2514 nisi

450 2550 528 2613 forte
555 2564 586 2613 et
609 2552 671 2614 hoc
698 2553 804 2633 ipsum
830 2551 986 2613 incertum
1013 2551 1141 2622 habeat,
1167 2572 1208 2614 an
1234 2552 1401 2614 contrariis

449 2652 672 2728 existentibus,
687 2652 720 2712 in
742 2651 867 2727 eodem,
883 2651 969 2712 circa
989 2650 1087 2725 idem,
1103 2661 1212 2732 posset
1227 2665 1260 2713 et
1275 2651 1401 2729 dubius,

451 2765 484 2815 et
499 2766 603 2816 certus
619 2774 698 2814 csse.
736 2751 803 2814 Sed
818 2772 859 2813 an
876 2751 1011 2828 dubitet,
1027 2751 1183 2814 incertum
1199 2753 1306 2830 habet,
1323 2752 1400 2815 dum

450 2853 512 2914 hoc
528 2853 631 2936 ipsum
649 2853 761 2929 nescit,
772 2873 812 2914 an
829 2851 960 2913 nesciat.
991 2852 1098 2922 Quum
1112 2872 1185 2915 vero
1200 2854 1232 2915 in
1249 2874 1287 2916 eo
1303 2851 1400 2916 homo

450 2956 564 3019 ceteris
593 2956 784 3018 animalibus
813 2962 953 3039 praestet,
980 2952 1066 3036 quod
1097 2953 1217 3017 ratione
1248 2956 1341 3038 viget,
1367 2968 1400 3018 et

449 3056 659 3138 intelligentia
676 3058 763 3135 (nam
782 3057 815 3118 in
838 3054 997 3131 sensibus,
1013 3054 1067 3138 qui
1090 3055 1167 3117 licet
1189 3057 1303 3120 animae
1326 3059 1398 3136 sint,

450 3157 591 3240 corporis
610 3180 681 3220 esse
702 3157 860 3234 dicuntur,
878 3155 971 3217 facile
991 3165 1167 3236 superatur,
1183 3176 1289 3238 neque
1309 3158 1398 3238 lynci

449 3258 552 3319 valeat
567 3257 686 3337 aequari
701 3255 899 3338 perspicacia
914 3254 1096 3315 oculorum:
1121 3274 1176 3315 sus
1191 3255 1301 3318 auditu
1319 3278 1398 3337 prae-

449 3358 544 3434 valet,
565 3358 668 3420 vultur
689 3370 743 3419 ant
765 3356 855 3419 canis
878 3353 1022 3430 odoratu,
1044 3365 1137 3434 gustu
1160 3355 1262 3433 simia,
1284 3378 1399 3423 aranea

449 3455 562 3538 tactu).
608 3460 727 3533 Quium,
748 3457 890 3540 inquam,
913 3453 1115 3517 discernendi
1142 3466 1173 3518 et
1198 3456 1397 3538 intelligendi

448 3562 569 3624 viribus
594 3561 689 3622 bomo
710 3557 883 3643 praecedat,
905 3556 977 3641 quis
1002 3557 1252 3638 praestantiorem
1277 3561 1398 3640 bestiis,

449 3677 504 3728 aut
524 3664 631 3746 potius
646 3663 717 3746 quis
739 3683 804 3724 non
828 3660 1020 3734 inferiorem,
1037 3670 1069 3720 et
1084 3668 1119 3722 nt
1134 3659 1179 3722 ita
1194 3660 1311 3739 dicam,
1326 3665 1397 3745 quis

448 3766 621 3829 brutiorem
644 3785 708 3826 non
731 3762 840 3826 credat
867 3761 1041 3837 hominem,
1064 3761 1116 3822 cui
1142 3762 1223 3825 ratio
1245 3784 1309 3826 non
1332 3765 1396 3828 dis·

449 3867 559 3943 cernit,
570 3866 754 3927 intellectus
769 3884 833 3924 non
851 3862 953 3944 sapit3
977 3882 1074 3944 quum
1091 3874 1122 3923 et
1136 3863 1229 3926 bruta
1244 3863 1282 3926 ad
1296 3885 1396 3946 quan·

450 3967 521 4031 dam
547 3968 679 4030 rationis
701 3965 871 4047 imaginem
896 3962 1134 4045 quodammodo
1157 3964 1325 4028 videantur
1347 3988 1396 4028 as-

448 4068 597 4151 surgere?
630 4070 713 4130 Nam
730 4079 761 4130 et
775 4067 866 4130 canis
881 4087 957 4128 suos
972 4065 1124 4128 discernit
1138 4067 1285 4143 allectus,
1299 4068 1396 4129 bene-

450 4172 594 4262 peiorum
617 4190 737 4232 memor
759 4180 818 4245 est,
836 4166 1080 4230 familiaritatem
1105 4188 1178 4228 cum
1201 4166 1332 4228 homine
1355 4169 1395 4229 ab

449 4274 645 4356 experientia
667 4292 768 4334 rerum
794 4282 825 4332 et
849 4291 906 4332 usu
930 4268 1099 4340 contrahit,
1114 4280 1146 4328 et
1166 4263 1315 4328 amicitiae
1330 4288 1395 4350 prae

449 4373 573 4448 ceteris,
588 4372 678 4456 quasi
700 4371 796 4434 fidem
814 4369 1020 4432 larniliaribus
1036 4366 1204 4442 exbibens,
1220 4365 1350 4432 rationis
1366 4386 1398 4437 et

448 4474 631 4539 intellectus
654 4473 792 4557 quodam
815 4472 1002 4534 nobilitatur
1024 4465 1163 4550 ingenio.
1211 4467 1274 4531 Sed
1297 4483 1328 4536 et
1349 4475 1395 4538 in·
1442 4558 1445 4564 ἦ
