4084 5634
471 847 542 891 cnr.
559 830 647 910 vrri]
834 848 1089 894 rocrcnirreus.
1360 840 1424 897 969

469 997 581 1083 liquet,
603 1020 699 1082 quam
723 998 816 1063 facile
845 1011 962 1072 ament,
988 1014 1109 1086 quanta
1131 998 1255 1064 oderint
1280 1001 1422 1082 levitate,

468 1098 646 1184 quamcito
663 1098 892 1165 obliviscantur
912 1102 1097 1178 affectuum,
1117 1115 1147 1165 et
1171 1115 1293 1166 naturae
1313 1101 1422 1165 iinme-

471 1222 583 1279 mores,
594 1199 753 1264 interdurn
767 1201 798 1263 in
811 1201 892 1265 filios
901 1215 1076 1275 armentur,
1090 1202 1249 1267 interdum
1261 1202 1293 1265 in
1305 1203 1425 1267 viscera
1477 1267 1480 1273 ,

471 1324 539 1366 sua.
586 1303 668 1366 Sunt
684 1302 801 1388 aliquae
816 1303 1041 1387 pudicissimae,
1058 1302 1130 1367 licet
1148 1305 1312 1388 Satyricus
1328 1305 1425 1385 dicat,

474 1404 624 1488 quoniam

610 1512 679 1563 Rura
692 1512 748 1562 avia
760 1511 787 1561 iu
801 1511 885 1569 terris,
898 1510 1027 1578 nigroque
1040 1509 1171 1562 simillima
1179 1530 1278 1587 Q
1386 1517 1415 1556 ‘t

471 1604 585 1668 mulier
606 1617 727 1669 exactae
750 1604 913 1668 castitatis.
958 1608 1003 1669 Et
1036 1605 1185 1689 tragicus,
1208 1606 1326 1671 nullam
1356 1631 1424 1671 esse

469 1706 617 1769 seminam
645 1720 708 1770 tam
737 1704 899 1791 pudicam,
924 1729 998 1790 quae
1021 1728 1083 1769 non
1107 1708 1272 1792 peregrina
1294 1709 1425 1773 libidine

472 1829 574 1892 usque
604 1808 645 1871 ad
668 1808 808 1870 furorem
839 1808 1037 1872 incendatur.
1084 1808 1235 1873 Matrona
1265 1811 1426 1896 quaedam,

470 1910 626 1973 referente
649 1909 809 1988 Petronio,
834 1908 952 1993 Ephesi
976 1923 1039 1973 tam
1063 1925 1146 1974 notae
1169 1925 1236 1975 erat
1260 1912 1424 1998 pudicitiae

474 2023 509 2075 ut
519 2009 693 2074 vicinarum
708 2033 837 2096 quoque
852 2011 994 2094 gentium
1008 2010 1141 2075 seminas
1152 2011 1191 2074 ad
1209 2012 1425 2098 spectaculum

471 2112 520 2175 sui
535 2126 691 2177 evocaret.
737 2115 818 2176 Haec
833 2136 909 2195 ergo
925 2135 1026 2198 quum
1044 2112 1147 2176 virum
1164 2114 1343 2192 extulisset,
1361 2137 1423 2178 non

471 2228 619 2278 contenta
628 2214 754 2299 vulgari
770 2237 857 2277 more
868 2214 967 2278 sunus
984 2217 1145 2300 prosequi,
1160 2216 1301 2282 crinibus
1311 2216 1426 2302 sparsis

472 2328 505 2381 et
518 2317 666 2393 turbatis,
679 2330 735 2380 aut
748 2316 904 2380 nudatum
918 2330 1030 2402 pectus
1045 2317 1077 2380 in
1090 2332 1263 2404 conspectu
1277 2319 1426 2406 frequen·

472 2419 525 2482 tiae
540 2423 701 2503 plangere,
717 2419 749 2481 in
765 2418 978 2482 conditorium
1002 2418 1096 2481 etiam
1114 2433 1284 2502 prosecuta
1306 2433 1356 2484 est
1371 2421 1425 2484 de-

470 2521 628 2593 functum,
638 2519 843 2604 positumque
855 2518 886 2581 in
899 2518 1075 2602 hypogato,
1084 2522 1199 2583 Groeco
1209 2541 1427 2605 more,corpus

470 2617 629 2682 custodire
645 2641 681 2680 ac
695 2615 772 2680 flore
788 2616 864 2680 totis
879 2616 1026 2680 noctibus
1042 2616 1218 2702 diebusque
1233 2617 1341 2702 coepit.
1374 2619 1426 2682 Sic

471 2716 673 2781 afflictantem
690 2738 733 2790 se,
754 2738 790 2778 ac
809 2727 940 2777 mortem
962 2715 1068 2779 inedia
1090 2729 1343 2801 persequentem,
1364 2740 1425 2782 non

471 2832 618 2904 parentes
640 2829 817 2902 potuerunt
846 2815 1016 2891 abducere,
1041 2839 1102 2879 non
1125 2818 1309 2904 propinqui.
1355 2823 1426 2885 Ma·

470 2921 624 3006 gistratus
649 2918 760 2984 ultimo
791 2915 923 3002 repulsi,
953 2915 1111 2982 abierunt.
1157 2918 1426 3006 Complorataque

473 3023 642 3107 singularis
661 3019 799 3104 exempli
821 3017 938 3081 semina
953 3019 994 3082 ab
1016 3018 1174 3099 omnibus,
1190 3020 1339 3105 quintum
1357 3023 1426 3107 jam

442 3119 444 3123 ¹
472 3126 556 3189 diern
581 3125 647 3187 sine
669 3121 820 3186 alimento
844 3120 1009 3185 trahebat:
1040 3120 1201 3186 assidebat
1225 3145 1319 3209 aegroe
1342 3121 1428 3187 fidis·

471 3227 550 3289 sima
578 3224 702 3303 ancilla,
732 3221 892 3306 simulque
915 3234 945 3284 et
975 3221 1156 3305 lachrymas
1185 3224 1427 3288 commendabat

472 3325 606 3410 lugenti,
622 3338 654 3387 et
669 3324 920 3410 quotiescunque
934 3322 1092 3387 defecerat
1110 3323 1247 3408 positum
1263 3325 1294 3387 in
1317 3347 1429 3393 monu-

473 3439 580 3490 mento
601 3425 719 3502 lumen,
734 3423 919 3487 renovabat.
963 3424 1039 3486 Una
1053 3422 1155 3508 igitur
1167 3424 1198 3487 in
1215 3439 1283 3490 tota
1297 3424 1428 3492 civitate

471 3527 581 3592 fabula
601 3540 680 3602 erat,
708 3524 811 3589 solum
837 3523 916 3588 illud
942 3522 1098 3589 affulsisse
1123 3547 1233 3590 verum
1263 3527 1427 3613 pudicitiae

473 3629 653 3716 amorisque
667 3626 861 3714 exemplum,
883 3627 985 3690 omnis
1000 3625 1121 3692 ordinis
1142 3626 1284 3692 homines
1299 3630 1426 3695 confite-

471 3733 599 3796 bantur.
645 3731 752 3807 Quum
769 3726 893 3792 interim
910 3729 1083 3811 imperator
1098 3729 1271 3811 provinciae
1290 3729 1429 3795 latrones

470 3831 619 3896 crucibus
629 3829 727 3915 jussit
743 3826 839 3911 affigi,
857 3827 1031 3890 secundum
1049 3826 1135 3891 illam
1151 3827 1303 3908 casulam,
1318 3829 1428 3913 inqua

473 3956 581 3998 recens
591 3933 726 3996 cadaver
738 3941 881 3993 matrona
893 3927 1040 3992 deflebat.
1090 3929 1240 3991 Proxima
1251 3952 1328 4013 ergo
1336 3944 1428 3994 nocte

475 4058 573 4122 quum
585 4034 685 4114 miles,
695 4035 754 4118 qui
764 4053 873 4094 cruces
885 4030 1041 4106 servabat,
1051 4051 1089 4090 ne
1099 4028 1171 4114 quis
1182 4029 1222 4092 ad
1232 4029 1429 4114 sepulturam

474 4161 589 4223 corpus
603 4135 795 4209 detraheret,
812 4145 951 4196 notasset
973 4131 1032 4194 sibi
1048 4144 1082 4195 ct
1098 4130 1204 4193 lumen
1221 4131 1302 4194 inter
1319 4155 1429 4196 monu-

474 4254 579 4303 menta
593 4238 710 4302 elarius
728 4235 866 4320 fulgens,
881 4247 913 4297 et
934 4234 1088 4320 gemitum
1114 4231 1253 4315 lugentis
1276 4233 1428 4313 audisset,

474 4340 550 4402 vitio
571 4343 675 4424 gentis
698 4339 858 4415 humauae,
876 4336 1037 4421 concupiit
1060 4335 1139 4397 scire
1162 4333 1244 4418 quis,
1270 4349 1326 4399 aut
1349 4336 1428 4421 quid

474 4442 601 4504 faceret¹
648 4439 818 4504 Descendit
849 4439 960 4522 itaque
994 4436 1026 4498 in
1049 4435 1274 4512 conditorium,
1300 4438 1428 4523 visaque
