4084 5634
481 850 551 898 car.
567 832 666 914 urin]
845 851 1098 898 eonrcnarrcns.
1367 835 1433 898 31⁵

483 1002 564 1066 Furi
579 1024 653 1067 vero
673 1024 735 1065 non
756 1001 851 1066 debet
873 1002 1013 1080 ecclesia,
1030 1002 1089 1067 nisi
1106 1021 1242 1087 poenam.
1288 1000 1321 1065 Si
1337 1002 1429 1068 sciret

481 1102 718 1189 paterfamilias,
732 1126 797 1188 qua
818 1105 897 1167 hora
916 1103 971 1167 fur
990 1107 1123 1180 reniret,
1138 1100 1287 1186 vigilaret
1305 1103 1431 1190 utique,

480 1218 512 1269 et
528 1227 589 1269 non
604 1207 720 1268 sineret
736 1205 860 1290 perfodi
876 1204 1007 1270 domum
1025 1228 1125 1270 suam.
1162 1208 1278 1269 Vocem
1297 1205 1432 1289 pastoris

479 1305 616 1370 audiunt
638 1327 724 1383 ores,
747 1319 779 1371 et
802 1321 989 1392 sequuntur.
1037 1309 1152 1372 Vocem
1176 1305 1360 1369 mercenarii
1382 1305 1431 1369 in·

480 1405 606 1473 terdum
622 1406 775 1473 audiunt:
798 1396 855 1470 aed
874 1429 959 1483 eum,
975 1407 1053 1492 quia
1074 1429 1135 1471 non
1155 1405 1241 1470 radit
1263 1406 1430 1483 advitam,

479 1508 571 1591 aequi
585 1521 804 1572 contemnunt.
839 1509 954 1572 Vocem
970 1508 1051 1572 t'uris
1060 1522 1279 1593 aspernantur,
1290 1507 1432 1587 horrent,

480 1622 511 1674 et
523 1608 666 1694 fugiunt,
678 1609 756 1694 quia
766 1609 798 1672 in
808 1610 983 1695 manuejus
998 1607 1120 1688 vident,
1130 1621 1162 1673 et
1178 1607 1209 1670 in
1224 1629 1279 1671 ore
1293 1606 1430 1673 audiunt

480 1730 578 1794 opera
597 1711 715 1773 mortis.
763 1709 927 1795 Siquidem
948 1731 1011 1773 non
1034 1708 1129 1773 modo
1146 1709 1197 1774 fur
1219 1720 1266 1773 est
1286 1721 1318 1772 et
1336 1707 1430 1785 latro,

480 1808 535 1874 sed
558 1808 654 1893 lupus
675 1828 786 1894 rapax,
808 1809 982 1894 sequipeda
1006 1808 1114 1884 leonis,
1136 1811 1192 1895 qui
1217 1809 1346 1894 rugiens
1372 1809 1431 1873 cir·

479 1909 590 1984 cumit,
605 1930 753 1993 quaerena
776 1930 869 1993 quem
886 1909 1027 1974 devoret.
1073 1910 1154 1987 Quis
1168 1931 1245 1994 ergo
1259 1908 1350 1972 illum
1366 1930 1429 1973 non

480 2009 625 2094 repellat,
637 2024 693 2074 aut
704 2010 813 2073 saltem
829 2009 946 2094 fugiat,
956 2014 1013 2095 qui
1025 2009 1065 2074 ad
1077 2013 1135 2073 hoc
1144 2008 1226 2073 ovile
1240 2009 1429 2094 ingreditur,

480 2125 515 2176 ut
533 2123 660 2189 mactet,
670 2125 702 2175 et
717 2111 862 2176 occidat?
887 2111 920 2175 Si
935 2115 1020 2197 quis,
1033 2111 1206 2197 Apostolus
1220 2111 1337 2196 inquit,
1348 2115 1430 2198 epia-

478 2225 626 2296 copatum
642 2212 811 2293 desiderat,
823 2215 941 2281 bonum
954 2236 1038 2299 opus
1048 2212 1217 2277 desiderat.
1252 2213 1314 2278 Sed
1324 2213 1431 2278 nescio

476 2336 543 2399 quo
558 2327 652 2401 pacto
664 2337 713 2378 res
724 2314 755 2378 in
770 2313 964 2379 contrarium
981 2337 1071 2379 versa
1082 2328 1141 2393 est,
1156 2330 1190 2379 ut
1206 2337 1308 2400 quum
1320 2338 1429 2380 omnes

476 2415 542 2479 sere
556 2417 736 2482 desiderent
745 2415 931 2502 episcopari,
942 2437 1043 2499 quum
1056 2415 1143 2501 quod
1153 2428 1310 2500 appetunt
1321 2415 1429 2502 adepti

476 2517 608 2593 suerint,
623 2521 692 2581 ocio
713 2530 872 2581 marcent:
896 2530 965 2593 aut,
988 2517 1077 2602 quod
1098 2515 1223 2600 turpius
1242 2528 1301 2591 est,
1323 2517 1355 2579 in
1378 2539 1431 2581 ra-

478 2618 588 2681 nitatis
601 2618 753 2702 operibus
769 2630 973 2702 occupantur.
1021 2617 1149 2694 Quanta
1168 2628 1317 2682 curratur
1331 2616 1431 2680 ambi·

478 2717 574 2797 tione,
600 2717 686 2782 volui
713 2717 840 2802 quidem
867 2718 1024 2803 superius,
1047 2717 1101 2781 sed
1130 2731 1165 2783 ut
1192 2741 1225 2782 ae
1248 2740 1298 2781 rea
1323 2718 1431 2799 habet,

477 2817 570 2903 plene
579 2839 641 2881 non
652 2816 744 2903 potui
756 2816 941 2902 explanare:
966 2830 998 2881 et
1009 2817 1153 2901 profecto
1164 2839 1260 2904 quam
1276 2817 1432 2884 inutiliter

477 2918 570 2984 multi
596 2929 761 2982 versentur
783 2919 815 2982 in
844 2917 948 3003 gradu
975 2932 1098 3005 optato,
1124 2919 1241 2983 referre
1270 2918 1431 2986 difficilius

421 3034 429 3049 “
477 3032 599 3105 potero.
646 3021 756 3084 Unum
784 3033 890 3085 tamen
916 3023 990 3101 scio,
1016 3021 1095 3105 quia
1121 3043 1182 3085 non
1212 3044 1250 3084 ea
1278 3021 1431 3087 aviditate

476 3135 622 3199 currunt,
650 3136 684 3186 ut
715 3144 775 3207 pro
803 3120 874 3186 aliis
902 3122 1021 3188 animas
1050 3137 1180 3209 ponant,
1205 3124 1263 3208 qui
1291 3124 1430 3189 fortunae

476 3220 676 3299 munuscula,
702 3220 766 3298 vel,
796 3222 884 3306 quod
915 3223 1031 3287 rectius
1057 3223 1204 3300 dixerim,
1230 3225 1344 3308 gratiae
1367 3224 1430 3289 Dei

476 3320 663 3404 temporalia
684 3321 778 3395 dona,
802 3322 834 3385 in
858 3323 943 3385 lrunc
966 3337 1071 3387 tumen
1094 3345 1242 3388 concessa
1268 3346 1371 3404 usum,
1394 3335 1431 3389 ut

477 3435 855 3507 promereanturaetema,
868 3437 1011 3489 recusant
1027 3425 1059 3487 in
1077 3425 1263 3490 necessitate
1276 3426 1430 3491 fratribus

475 3543 617 3605 erogare.
662 3525 756 3587 Hanc
779 3538 883 3588 tamen
904 3546 972 3589 esse
994 3525 1162 3611 pastoralis
1176 3525 1269 3590 officii
1284 3527 1430 3607 formam,

475 3625 733 3710 premonstravit
754 3639 820 3690 tam
842 3626 999 3712 exemplo,
1022 3650 1119 3713 quam
1142 3629 1241 3694 verbo
1266 3642 1429 3714 pastorum

473 3726 633 3811 princeps.
678 3727 769 3811 Ergo
791 3741 881 3793 tanto
902 3742 1065 3793 currentes
1086 3731 1222 3805 ambitu,
1247 3730 1431 3795 mercenarii

475 3842 657 3912 properant,
678 3842 733 3893 aut
756 3829 843 3893 t'ures
865 3830 944 3894 fieri.
990 3829 1078 3895 Bene
1100 3845 1204 3896 tamen
1228 3831 1336 3916 agitur
1355 3853 1429 3894 cum

474 3928 603 4008 ovibus,
618 3951 693 4014 quae
707 3928 792 3994 illius
807 3931 962 3995 custodite
977 3930 1222 4009 demandantur,
1237 3931 1290 4017 qui
1312 3953 1364 3994 eaa
1380 3931 1429 3996 vel

476 4028 518 4092 ad
546 4029 685 4116 pretium
715 4043 835 4116 pascat.
882 4030 964 4094 Nam
994 4044 1026 4095 et
1056 4032 1088 4094 in
1118 4031 1195 4117 ipsis
1220 4032 1430 4112 mercenariis,

474 4130 593 4214 gradus
615 4143 648 4195 et
670 4130 856 4195 differentiae
880 4144 965 4196 sunt.
1010 4131 1139 4195 Laxant
1164 4131 1297 4216 quidem
1322 4154 1431 4198 omnes

475 4234 557 4295 retia
573 4232 603 4294 in
620 4250 800 4318 capturam:
833 4233 888 4296 sed
911 4233 944 4297 hi
968 4232 999 4296 in
1024 4245 1189 4318 capturam
1205 4233 1382 4297 animarum
1397 4248 1430 4300 et

478 4350 595 4409 rerum,
609 4330 655 4393 illi
671 4355 720 4396 res
735 4335 897 4416 piscantur
913 4333 1081 4412 duntaxat,
1091 4345 1272 4417 contempto
1289 4334 1430 4418 periculo

474 4428 661 4496 animarum.
707 4433 750 4496 Et
767 4456 851 4519 soepe
867 4434 998 4498 turbant
1017 4433 1133 4509 omnia,
1150 4456 1215 4519 quo
1231 4435 1372 4520 piscandi
1388 4435 1429 4500 ad
