<?xml version="1.0" encoding="UTF-8"?>
<!DOCTYPE html PUBLIC "-//W3C//DTD XHTML 1.0 Transitional//EN"
    "http://www.w3.org/TR/xhtml1/DTD/xhtml1-transitional.dtd">
<html xmlns="http://www.w3.org/1999/xhtml" xml:lang="en" lang="en">
 <head>
  <title>
</title>
<meta http-equiv="Content-Type" content="text/html;charset=utf-8" />
  <meta name='ocr-system' content='tesseract 3.04.00' />
  <meta name='ocr-capabilities' content='ocr_page ocr_carea ocr_par ocr_line ocrx_word'/>
</head>
<body>
  <div class='ocr_page' id='page_1' title='image "./joannissaresber07johngoog_0055.png"; bbox 0 0 4084 5634; ppageno 0'>
   <div class='ocr_carea' id='block_1_1' title="bbox 538 799 1575 882">
    <p class='ocr_par' dir='ltr' id='par_1_1' title="bbox 538 799 1575 882">
     <span class='ocr_line' id='line_1_1' title="bbox 538 799 1575 882; baseline -0.004 -20"><span class='ocrx_word' id='word_1_1' title='bbox 538 817 608 862; x_wconf 77' lang='lat' dir='ltr'><strong>car.</strong></span> <span class='ocrx_word' id='word_1_2' title='bbox 625 799 711 878; x_wconf 73' lang='lat' dir='ltr'><strong>rura]</strong></span> <span class='ocrx_word' id='word_1_3' title='bbox 886 819 1141 864; x_wconf 69' lang='lat' dir='ltr'><strong>consumamus.</strong></span> <span class='ocrx_word' id='word_1_4' title='bbox 1451 803 1490 859; x_wconf 77' lang='lat'><strong>47</strong></span> <span class='ocrx_word' id='word_1_5' title='bbox 1572 877 1575 882; x_wconf 22' lang='lat'><em>⁷</em></span> 
     </span>
    </p>
   </div>
   <div class='ocr_carea' id='block_1_2' title="bbox 538 967 1499 3050">
    <p class='ocr_par' dir='ltr' id='par_1_2' title="bbox 538 967 1499 3050">
     <span class='ocr_line' id='line_1_2' title="bbox 539 967 1488 1050; baseline -0.005 -18"><span class='ocrx_word' id='word_1_6' title='bbox 539 981 572 1032; x_wconf 90' lang='lat' dir='ltr'><strong>et</strong></span> <span class='ocrx_word' id='word_1_7' title='bbox 598 968 673 1033; x_wconf 89' lang='lat' dir='ltr'><strong>duci</strong></span> <span class='ocrx_word' id='word_1_8' title='bbox 696 967 808 1032; x_wconf 87' lang='lat' dir='ltr'><strong>cedere</strong></span> <span class='ocrx_word' id='word_1_9' title='bbox 832 970 922 1050; x_wconf 81' lang='lat' dir='ltr'><strong>regni</strong></span> <span class='ocrx_word' id='word_1_10' title='bbox 945 971 1195 1045; x_wconf 80' lang='lat' dir='ltr'><strong>successionem,</strong></span> <span class='ocrx_word' id='word_1_11' title='bbox 1218 979 1251 1030; x_wconf 93' lang='lat' dir='ltr'><strong>et</strong></span> <span class='ocrx_word' id='word_1_12' title='bbox 1274 967 1372 1030; x_wconf 90' lang='lat' dir='ltr'><strong>totius</strong></span> <span class='ocrx_word' id='word_1_13' title='bbox 1396 967 1488 1047; x_wconf 80' lang='lat' dir='ltr'><strong>regni</strong></span> 
     </span>
     <span class='ocr_line' id='line_1_3' title="bbox 539 1065 1487 1153; baseline -0.006 -21"><span class='ocrx_word' id='word_1_14' title='bbox 539 1089 684 1153; x_wconf 82' lang='lat' dir='ltr'><strong>proceres</strong></span> <span class='ocrx_word' id='word_1_15' title='bbox 712 1078 744 1132; x_wconf 93' lang='lat' dir='ltr'><strong>et</strong></span> <span class='ocrx_word' id='word_1_16' title='bbox 783 1069 924 1132; x_wconf 90' lang='lat' dir='ltr'><strong>militiam</strong></span> <span class='ocrx_word' id='word_1_17' title='bbox 962 1067 1117 1132; x_wconf 86' lang='lat' dir='ltr'><strong>fidelitate</strong></span> <span class='ocrx_word' id='word_1_18' title='bbox 1155 1067 1298 1150; x_wconf 69' lang='lat' dir='ltr'><strong>praestita</strong></span> <span class='ocrx_word' id='word_1_19' title='bbox 1335 1065 1487 1147; x_wconf 83' lang='lat' dir='ltr'><strong>obligare.</strong></span> 
     </span>
     <span class='ocr_line' id='line_1_4' title="bbox 540 1168 1488 1250; baseline -0.004 -17"><span class='ocrx_word' id='word_1_20' title='bbox 540 1171 682 1235; x_wconf 76' lang='lat' dir='ltr'><strong>Transeo</strong></span> <span class='ocrx_word' id='word_1_21' title='bbox 698 1170 738 1234; x_wconf 94' lang='lat' dir='ltr'><strong>ad</strong></span> <span class='ocrx_word' id='word_1_22' title='bbox 755 1169 956 1233; x_wconf 89' lang='lat' dir='ltr'><strong>obsidionem</strong></span> <span class='ocrx_word' id='word_1_23' title='bbox 973 1169 1143 1247; x_wconf 80' lang='lat' dir='ltr'><strong>chinonis,</strong></span> <span class='ocrx_word' id='word_1_24' title='bbox 1157 1169 1233 1250; x_wconf 90' lang='lat' dir='ltr'><strong>quia</strong></span> <span class='ocrx_word' id='word_1_25' title='bbox 1249 1168 1296 1230; x_wconf 91' lang='lat' dir='ltr'><strong>ibi</strong></span> <span class='ocrx_word' id='word_1_26' title='bbox 1308 1168 1433 1247; x_wconf 83' lang='lat' dir='ltr'><strong>Anglos</strong></span> <span class='ocrx_word' id='word_1_27' title='bbox 1455 1178 1488 1229; x_wconf 89' lang='lat' dir='ltr'><strong>et</strong></span> 
     </span>
     <span class='ocr_line' id='line_1_5' title="bbox 539 1269 1489 1355; baseline -0.003 -21"><span class='ocrx_word' id='word_1_28' title='bbox 539 1272 754 1348; x_wconf 88' lang='lat' dir='ltr'><strong>Normunuos,</strong></span> <span class='ocrx_word' id='word_1_29' title='bbox 769 1292 850 1355; x_wconf 91' lang='lat' dir='ltr'><strong>quos</strong></span> <span class='ocrx_word' id='word_1_30' title='bbox 865 1271 933 1355; x_wconf 89' lang='lat' dir='ltr'><strong>jam</strong></span> <span class='ocrx_word' id='word_1_31' title='bbox 951 1271 1121 1354; x_wconf 81' lang='lat' dir='ltr'><strong>multiplex</strong></span> <span class='ocrx_word' id='word_1_32' title='bbox 1136 1269 1363 1334; x_wconf 84' lang='lat' dir='ltr'><strong>consoederutio</strong></span> <span class='ocrx_word' id='word_1_33' title='bbox 1377 1269 1489 1347; x_wconf 79' lang='lat' dir='ltr'><strong>univit,</strong></span> 
     </span>
     <span class='ocr_line' id='line_1_6' title="bbox 538 1370 1489 1457; baseline -0.005 -21"><span class='ocrx_word' id='word_1_34' title='bbox 538 1373 720 1457; x_wconf 73' lang='lat' dir='ltr'><strong>praecipuos</strong></span> <span class='ocrx_word' id='word_1_35' title='bbox 741 1387 774 1437; x_wconf 87' lang='lat' dir='ltr'><strong>et</strong></span> <span class='ocrx_word' id='word_1_36' title='bbox 795 1372 895 1454; x_wconf 78' lang='lat' dir='ltr'><strong>magis</strong></span> <span class='ocrx_word' id='word_1_37' title='bbox 917 1384 1065 1435; x_wconf 89' lang='lat' dir='ltr'><strong>strenuos</strong></span> <span class='ocrx_word' id='word_1_38' title='bbox 1084 1372 1118 1434; x_wconf 91' lang='lat' dir='ltr'><strong>in</strong></span> <span class='ocrx_word' id='word_1_39' title='bbox 1142 1371 1290 1452; x_wconf 88' lang='lat' dir='ltr'><strong>captione</strong></span> <span class='ocrx_word' id='word_1_40' title='bbox 1312 1370 1408 1434; x_wconf 79' lang='lat' dir='ltr'><strong>castri</strong></span> <span class='ocrx_word' id='word_1_41' title='bbox 1432 1390 1489 1432; x_wconf 86' lang='lat' dir='ltr'><strong>ex-</strong></span> 
     </span>
     <span class='ocr_line' id='line_1_7' title="bbox 539 1470 1491 1553; baseline -0.002 -19"><span class='ocrx_word' id='word_1_42' title='bbox 539 1472 652 1550; x_wconf 79' lang='lat' dir='ltr'><strong>titisse,</strong></span> <span class='ocrx_word' id='word_1_43' title='bbox 677 1473 786 1537; x_wconf 91' lang='lat' dir='ltr'><strong>nullus</strong></span> <span class='ocrx_word' id='word_1_44' title='bbox 811 1472 949 1553; x_wconf 82' lang='lat' dir='ltr'><strong>ignorat.</strong></span> <span class='ocrx_word' id='word_1_45' title='bbox 995 1472 1080 1535; x_wconf 91' lang='lat' dir='ltr'><strong>Nam</strong></span> <span class='ocrx_word' id='word_1_46' title='bbox 1101 1472 1180 1535; x_wconf 87' lang='lat' dir='ltr'><strong>sileo</strong></span> <span class='ocrx_word' id='word_1_47' title='bbox 1203 1470 1244 1533; x_wconf 90' lang='lat' dir='ltr'><strong>de</strong></span> <span class='ocrx_word' id='word_1_48' title='bbox 1272 1471 1433 1546; x_wconf 77' lang='lat' dir='ltr'><strong>Nemeto,</strong></span> <span class='ocrx_word' id='word_1_49' title='bbox 1458 1482 1491 1532; x_wconf 88' lang='lat' dir='ltr'><strong>et</strong></span> 
     </span>
     <span class='ocr_line' id='line_1_8' title="bbox 539 1570 1493 1654; baseline -0.001 -19"><span class='ocrx_word' id='word_1_50' title='bbox 539 1581 608 1636; x_wconf 93' lang='lat' dir='ltr'><strong>toto</strong></span> <span class='ocrx_word' id='word_1_51' title='bbox 636 1574 768 1637; x_wconf 90' lang='lat' dir='ltr'><strong>minoris</strong></span> <span class='ocrx_word' id='word_1_52' title='bbox 790 1573 979 1651; x_wconf 74' lang='lat' dir='ltr'><strong>Britanniae,</strong></span> <span class='ocrx_word' id='word_1_53' title='bbox 1003 1572 1150 1654; x_wconf 85' lang='lat' dir='ltr'><strong>quamvis</strong></span> <span class='ocrx_word' id='word_1_54' title='bbox 1172 1570 1302 1652; x_wconf 79' lang='lat' dir='ltr'><strong>grandis</strong></span> <span class='ocrx_word' id='word_1_55' title='bbox 1328 1570 1493 1653; x_wconf 80' lang='lat' dir='ltr'><strong>provincia</strong></span> 
     </span>
     <span class='ocr_line' id='line_1_9' title="bbox 540 1669 1493 1758; baseline -0.001 -19"><span class='ocrx_word' id='word_1_56' title='bbox 540 1675 591 1753; x_wconf 84' lang='lat' dir='ltr'><strong>sit,</strong></span> <span class='ocrx_word' id='word_1_57' title='bbox 607 1676 773 1753; x_wconf 88' lang='lat' dir='ltr'><strong>comitatu,</strong></span> <span class='ocrx_word' id='word_1_58' title='bbox 792 1675 848 1758; x_wconf 88' lang='lat' dir='ltr'><strong>qni</strong></span> <span class='ocrx_word' id='word_1_59' title='bbox 869 1675 1000 1737; x_wconf 88' lang='lat' dir='ltr'><strong>rebellis</strong></span> <span class='ocrx_word' id='word_1_60' title='bbox 1022 1682 1106 1734; x_wconf 87' lang='lat' dir='ltr'><strong>esset</strong></span> <span class='ocrx_word' id='word_1_61' title='bbox 1128 1672 1161 1733; x_wconf 91' lang='lat' dir='ltr'><strong>in</strong></span> <span class='ocrx_word' id='word_1_62' title='bbox 1184 1670 1375 1734; x_wconf 88' lang='lat' dir='ltr'><strong>hodiernum</strong></span> <span class='ocrx_word' id='word_1_63' title='bbox 1397 1669 1493 1738; x_wconf 68' lang='lat' dir='ltr'><strong>diem,</strong></span> 
     </span>
     <span class='ocr_line' id='line_1_10' title="bbox 539 1771 1492 1856; baseline -0.005 -17"><span class='ocrx_word' id='word_1_64' title='bbox 539 1776 603 1840; x_wconf 92' lang='lat' dir='ltr'><strong>nisi</strong></span> <span class='ocrx_word' id='word_1_65' title='bbox 631 1778 728 1840; x_wconf 85' lang='lat' dir='ltr'><strong>robur</strong></span> <span class='ocrx_word' id='word_1_66' title='bbox 757 1775 863 1856; x_wconf 83' lang='lat' dir='ltr'><strong>gentis</strong></span> <span class='ocrx_word' id='word_1_67' title='bbox 885 1776 1061 1855; x_wconf 80' lang='lat' dir='ltr'><strong>Auglorum</strong></span> <span class='ocrx_word' id='word_1_68' title='bbox 1085 1784 1172 1835; x_wconf 90' lang='lat' dir='ltr'><strong>esset</strong></span> <span class='ocrx_word' id='word_1_69' title='bbox 1201 1771 1372 1835; x_wconf 87' lang='lat' dir='ltr'><strong>formidini.</strong></span> <span class='ocrx_word' id='word_1_70' title='bbox 1417 1771 1492 1834; x_wconf 89' lang='lat' dir='ltr'><strong>Hoc</strong></span> 
     </span>
     <span class='ocr_line' id='line_1_11' title="bbox 539 1873 1493 1962; baseline -0.004 -22"><span class='ocrx_word' id='word_1_71' title='bbox 539 1878 647 1962; x_wconf 91' lang='lat' dir='ltr'><strong>ipsum</strong></span> <span class='ocrx_word' id='word_1_72' title='bbox 667 1886 722 1940; x_wconf 88' lang='lat' dir='ltr'><strong>aut</strong></span> <span class='ocrx_word' id='word_1_73' title='bbox 741 1876 870 1953; x_wconf 84' lang='lat' dir='ltr'><strong>veritus,</strong></span> <span class='ocrx_word' id='word_1_74' title='bbox 893 1885 948 1938; x_wconf 93' lang='lat' dir='ltr'><strong>aut</strong></span> <span class='ocrx_word' id='word_1_75' title='bbox 970 1895 1077 1960; x_wconf 84' lang='lat' dir='ltr'><strong>amore</strong></span> <span class='ocrx_word' id='word_1_76' title='bbox 1096 1883 1129 1937; x_wconf 92' lang='lat' dir='ltr'><strong>et</strong></span> <span class='ocrx_word' id='word_1_77' title='bbox 1150 1873 1264 1937; x_wconf 85' lang='lat' dir='ltr'><strong>virtute</strong></span> <span class='ocrx_word' id='word_1_78' title='bbox 1284 1874 1416 1937; x_wconf 87' lang='lat' dir='ltr'><strong>allectus</strong></span> <span class='ocrx_word' id='word_1_79' title='bbox 1432 1873 1493 1950; x_wconf 89' lang='lat' dir='ltr'><strong>(in-</strong></span> 
     </span>
     <span class='ocr_line' id='line_1_12' title="bbox 542 1975 1493 2058; baseline -0.004 -17"><span class='ocrx_word' id='word_1_80' title='bbox 542 1987 664 2041; x_wconf 86' lang='lat' dir='ltr'><strong>certum</strong></span> <span class='ocrx_word' id='word_1_81' title='bbox 676 1987 725 2041; x_wconf 93' lang='lat' dir='ltr'><strong>est</strong></span> <span class='ocrx_word' id='word_1_82' title='bbox 736 1977 832 2058; x_wconf 86' lang='lat' dir='ltr'><strong>enim)</strong></span> <span class='ocrx_word' id='word_1_83' title='bbox 845 1976 975 2040; x_wconf 87' lang='lat' dir='ltr'><strong>illustris</strong></span> <span class='ocrx_word' id='word_1_84' title='bbox 986 1977 1191 2040; x_wconf 89' lang='lat' dir='ltr'><strong>Blesensium</strong></span> <span class='ocrx_word' id='word_1_85' title='bbox 1203 1986 1236 2038; x_wconf 90' lang='lat' dir='ltr'><strong>et</strong></span> <span class='ocrx_word' id='word_1_86' title='bbox 1246 1975 1493 2038; x_wconf 79' lang='lat' dir='ltr'><strong>carnotensium</strong></span> 
     </span>
     <span class='ocr_line' id='line_1_13' title="bbox 543 2077 1495 2163; baseline -0.003 -21"><span class='ocrx_word' id='word_1_87' title='bbox 543 2100 653 2143; x_wconf 91' lang='lat' dir='ltr'><strong>comes</strong></span> <span class='ocrx_word' id='word_1_88' title='bbox 673 2089 786 2155; x_wconf 84' lang='lat' dir='ltr'><strong>castra,</strong></span> <span class='ocrx_word' id='word_1_89' title='bbox 807 2099 879 2162; x_wconf 83' lang='lat' dir='ltr'><strong>quae</strong></span> <span class='ocrx_word' id='word_1_90' title='bbox 901 2078 1068 2163; x_wconf 82' lang='lat' dir='ltr'><strong>pupillaris</strong></span> <span class='ocrx_word' id='word_1_91' title='bbox 1089 2078 1193 2142; x_wconf 86' lang='lat' dir='ltr'><strong>oetatis</strong></span> <span class='ocrx_word' id='word_1_92' title='bbox 1212 2088 1356 2160; x_wconf 86' lang='lat' dir='ltr'><strong>tempore</strong></span> <span class='ocrx_word' id='word_1_93' title='bbox 1375 2077 1495 2141; x_wconf 84' lang='lat' dir='ltr'><strong>amissa</strong></span> 
     </span>
     <span class='ocr_line' id='line_1_14' title="bbox 542 2179 1494 2260; baseline -0.002 -18"><span class='ocrx_word' id='word_1_94' title='bbox 542 2180 676 2256; x_wconf 84' lang='lat' dir='ltr'><strong>suerunt,</strong></span> <span class='ocrx_word' id='word_1_95' title='bbox 704 2179 834 2242; x_wconf 89' lang='lat' dir='ltr'><strong>ducatui</strong></span> <span class='ocrx_word' id='word_1_96' title='bbox 865 2181 1125 2242; x_wconf 85' lang='lat' dir='ltr'><strong>Normannorum</strong></span> <span class='ocrx_word' id='word_1_97' title='bbox 1154 2179 1301 2242; x_wconf 85' lang='lat' dir='ltr'><strong>restitnit.</strong></span> <span class='ocrx_word' id='word_1_98' title='bbox 1346 2179 1494 2260; x_wconf 81' lang='lat' dir='ltr'><strong>Longum</strong></span> 
     </span>
     <span class='ocr_line' id='line_1_15' title="bbox 542 2281 1492 2365; baseline -0.001 -20"><span class='ocrx_word' id='word_1_99' title='bbox 542 2293 591 2345; x_wconf 90' lang='lat' dir='ltr'><strong>est</strong></span> <span class='ocrx_word' id='word_1_100' title='bbox 612 2282 640 2344; x_wconf 93' lang='lat' dir='ltr'><strong>si</strong></span> <span class='ocrx_word' id='word_1_101' title='bbox 662 2283 785 2365; x_wconf 81' lang='lat' dir='ltr'><strong>inclyta</strong></span> <span class='ocrx_word' id='word_1_102' title='bbox 808 2293 897 2361; x_wconf 85' lang='lat' dir='ltr'><strong>gesta</strong></span> <span class='ocrx_word' id='word_1_103' title='bbox 918 2282 1001 2345; x_wconf 85' lang='lat' dir='ltr'><strong>tanti</strong></span> <span class='ocrx_word' id='word_1_104' title='bbox 1023 2281 1180 2365; x_wconf 90' lang='lat' dir='ltr'><strong>principis</strong></span> <span class='ocrx_word' id='word_1_105' title='bbox 1202 2301 1386 2345; x_wconf 90' lang='lat' dir='ltr'><strong>enumerare</strong></span> <span class='ocrx_word' id='word_1_106' title='bbox 1416 2303 1492 2345; x_wconf 92' lang='lat' dir='ltr'><strong>con-</strong></span> 
     </span>
     <span class='ocr_line' id='line_1_16' title="bbox 542 2380 1497 2465; baseline -0.002 -19"><span class='ocrx_word' id='word_1_107' title='bbox 542 2383 685 2458; x_wconf 88' lang='lat' dir='ltr'><strong>tendam;</strong></span> <span class='ocrx_word' id='word_1_108' title='bbox 721 2403 792 2465; x_wconf 84' lang='lat' dir='ltr'><strong>quoe</strong></span> <span class='ocrx_word' id='word_1_109' title='bbox 814 2381 896 2444; x_wconf 90' lang='lat' dir='ltr'><strong>sicut</strong></span> <span class='ocrx_word' id='word_1_110' title='bbox 914 2401 1029 2444; x_wconf 86' lang='lat' dir='ltr'><strong>omnes</strong></span> <span class='ocrx_word' id='word_1_111' title='bbox 1051 2380 1199 2444; x_wconf 87' lang='lat' dir='ltr'><strong>admirari</strong></span> <span class='ocrx_word' id='word_1_112' title='bbox 1219 2401 1352 2444; x_wconf 90' lang='lat' dir='ltr'><strong>necesse</strong></span> <span class='ocrx_word' id='word_1_113' title='bbox 1373 2392 1432 2457; x_wconf 89' lang='lat' dir='ltr'><strong>est,</strong></span> <span class='ocrx_word' id='word_1_114' title='bbox 1452 2380 1497 2444; x_wconf 90' lang='lat' dir='ltr'><strong>ita</strong></span> 
     </span>
     <span class='ocr_line' id='line_1_17' title="bbox 543 2481 1497 2568; baseline -0.005 -20"><span class='ocrx_word' id='word_1_115' title='bbox 543 2486 638 2568; x_wconf 92' lang='lat' dir='ltr'><strong>plene</strong></span> <span class='ocrx_word' id='word_1_116' title='bbox 653 2483 836 2547; x_wconf 83' lang='lat' dir='ltr'><strong>describere</strong></span> <span class='ocrx_word' id='word_1_117' title='bbox 856 2481 1068 2566; x_wconf 88' lang='lat' dir='ltr'><strong>impossibile.</strong></span> <span class='ocrx_word' id='word_1_118' title='bbox 1114 2481 1185 2544; x_wconf 88' lang='lat' dir='ltr'><strong>Nec</strong></span> <span class='ocrx_word' id='word_1_119' title='bbox 1207 2503 1267 2563; x_wconf 83' lang='lat' dir='ltr'><strong>ego</strong></span> <span class='ocrx_word' id='word_1_120' title='bbox 1284 2483 1402 2547; x_wconf 88' lang='lat' dir='ltr'><strong>viribus</strong></span> <span class='ocrx_word' id='word_1_121' title='bbox 1416 2482 1497 2545; x_wconf 89' lang='lat' dir='ltr'><strong>meis</strong></span> 
     </span>
     <span class='ocr_line' id='line_1_18' title="bbox 543 2581 1497 2668; baseline -0.007 -20"><span class='ocrx_word' id='word_1_122' title='bbox 543 2606 666 2668; x_wconf 77' lang='lat' dir='ltr'><strong>arrogo,</strong></span> <span class='ocrx_word' id='word_1_123' title='bbox 686 2585 720 2647; x_wconf 91' lang='lat' dir='ltr'><strong>in</strong></span> <span class='ocrx_word' id='word_1_124' title='bbox 743 2604 820 2666; x_wconf 91' lang='lat' dir='ltr'><strong>quo,</strong></span> <span class='ocrx_word' id='word_1_125' title='bbox 840 2583 867 2645; x_wconf 90' lang='lat' dir='ltr'><strong>si</strong></span> <span class='ocrx_word' id='word_1_126' title='bbox 885 2582 983 2666; x_wconf 83' lang='lat' dir='ltr'><strong>juxta</strong></span> <span class='ocrx_word' id='word_1_127' title='bbox 1003 2581 1218 2666; x_wconf 81' lang='lat' dir='ltr'><strong>praecedentis</strong></span> <span class='ocrx_word' id='word_1_128' title='bbox 1239 2582 1348 2662; x_wconf 79' lang='lat' dir='ltr'><strong>gratiae</strong></span> <span class='ocrx_word' id='word_1_129' title='bbox 1369 2601 1497 2646; x_wconf 88' lang='lat' dir='ltr'><strong>cursum</strong></span> 
     </span>
     <span class='ocr_line' id='line_1_19' title="bbox 544 2678 1499 2764; baseline -0.005 -16"><span class='ocrx_word' id='word_1_130' title='bbox 544 2686 609 2749; x_wconf 88' lang='lat' dir='ltr'><strong>sibi</strong></span> <span class='ocrx_word' id='word_1_131' title='bbox 645 2683 703 2746; x_wconf 90' lang='lat' dir='ltr'><strong>diu</strong></span> <span class='ocrx_word' id='word_1_132' title='bbox 744 2681 957 2744; x_wconf 85' lang='lat' dir='ltr'><strong>successerint</strong></span> <span class='ocrx_word' id='word_1_133' title='bbox 998 2701 1163 2764; x_wconf 88' lang='lat' dir='ltr'><strong>prospera,</strong></span> <span class='ocrx_word' id='word_1_134' title='bbox 1199 2678 1312 2743; x_wconf 87' lang='lat' dir='ltr'><strong>sudare</strong></span> <span class='ocrx_word' id='word_1_135' title='bbox 1348 2689 1499 2762; x_wconf 89' lang='lat' dir='ltr'><strong>poterunt</strong></span> 
     </span>
     <span class='ocr_line' id='line_1_20' title="bbox 546 2779 1497 2865; baseline -0.002 -18"><span class='ocrx_word' id='word_1_136' title='bbox 546 2784 691 2860; x_wconf 90' lang='lat' dir='ltr'><strong>Orosius,</strong></span> <span class='ocrx_word' id='word_1_137' title='bbox 715 2782 933 2865; x_wconf 83' lang='lat' dir='ltr'><strong>Hegesippus,</strong></span> <span class='ocrx_word' id='word_1_138' title='bbox 957 2792 990 2844; x_wconf 90' lang='lat' dir='ltr'><strong>et</strong></span> <span class='ocrx_word' id='word_1_139' title='bbox 1018 2781 1156 2862; x_wconf 80' lang='lat' dir='ltr'><strong>Trogus.</strong></span> <span class='ocrx_word' id='word_1_140' title='bbox 1201 2779 1360 2845; x_wconf 78' lang='lat' dir='ltr'><strong>Caeterum</strong></span> <span class='ocrx_word' id='word_1_141' title='bbox 1391 2780 1497 2846; x_wconf 86' lang='lat' dir='ltr'><strong>adola-</strong></span> 
     </span>
     <span class='ocr_line' id='line_1_21' title="bbox 549 2882 1498 2965; baseline -0.001 -17"><span class='ocrx_word' id='word_1_142' title='bbox 549 2884 679 2948; x_wconf 82' lang='lat' dir='ltr'><strong>sceutiae</strong></span> <span class='ocrx_word' id='word_1_143' title='bbox 702 2884 809 2948; x_wconf 87' lang='lat' dir='ltr'><strong>exitus</strong></span> <span class='ocrx_word' id='word_1_144' title='bbox 831 2883 871 2947; x_wconf 90' lang='lat' dir='ltr'><strong>ab</strong></span> <span class='ocrx_word' id='word_1_145' title='bbox 888 2882 1050 2965; x_wconf 79' lang='lat' dir='ltr'><strong>aliquibus</strong></span> <span class='ocrx_word' id='word_1_146' title='bbox 1072 2892 1240 2965; x_wconf 74' lang='lat' dir='ltr'><strong>suspectus</strong></span> <span class='ocrx_word' id='word_1_147' title='bbox 1254 2893 1315 2957; x_wconf 85' lang='lat' dir='ltr'><strong>est,</strong></span> <span class='ocrx_word' id='word_1_148' title='bbox 1330 2895 1363 2948; x_wconf 86' lang='lat' dir='ltr'><strong>at</strong></span> <span class='ocrx_word' id='word_1_149' title='bbox 1377 2883 1498 2948; x_wconf 85' lang='lat' dir='ltr'><strong>utinam</strong></span> 
     </span>
     <span class='ocr_line' id='line_1_22' title="bbox 547 2984 977 3050; baseline -0.007 0"><span class='ocrx_word' id='word_1_150' title='bbox 547 2986 661 3050; x_wconf 79' lang='lat' dir='ltr'><strong>frustra</strong></span> <span class='ocrx_word' id='word_1_151' title='bbox 676 3007 696 3049; x_wconf 91' lang='lat' dir='ltr'><strong>a</strong></span> <span class='ocrx_word' id='word_1_152' title='bbox 709 2985 803 3048; x_wconf 90' lang='lat' dir='ltr'><strong>bouis</strong></span> <span class='ocrx_word' id='word_1_153' title='bbox 819 2984 977 3048; x_wconf 88' lang='lat' dir='ltr'><strong>timeatur.</strong></span> 
     </span>
    </p>
   </div>
   <div class='ocr_carea' id='block_1_3' title="bbox 547 3273 1503 3559">
    <p class='ocr_par' dir='ltr' id='par_1_3' title="bbox 547 3273 1503 3559">
     <span class='ocr_line' id='line_1_23' title="bbox 547 3273 1501 3358; baseline -0.002 -18"><span class='ocrx_word' id='word_1_154' title='bbox 547 3276 627 3358; x_wconf 88' lang='lat' dir='ltr'><strong>Cap.</strong></span> <span class='ocrx_word' id='word_1_155' title='bbox 646 3279 696 3336; x_wconf 91' lang='grc'><strong>19.</strong></span> <span class='ocrx_word' id='word_1_156' title='bbox 720 3275 770 3337; x_wconf 88' lang='lat' dir='ltr'><strong>De</strong></span> <span class='ocrx_word' id='word_1_157' title='bbox 784 3277 903 3338; x_wconf 79' lang='lat' dir='ltr'><strong>bonore</strong></span> <span class='ocrx_word' id='word_1_158' title='bbox 918 3274 1081 3337; x_wconf 80' lang='lat' dir='ltr'><strong>militibus</strong></span> <span class='ocrx_word' id='word_1_159' title='bbox 1094 3273 1286 3352; x_wconf 70' lang='lat' dir='ltr'><strong>collidendo,</strong></span> <span class='ocrx_word' id='word_1_160' title='bbox 1296 3283 1328 3337; x_wconf 86' lang='lat' dir='ltr'><strong>et</strong></span> <span class='ocrx_word' id='word_1_161' title='bbox 1342 3274 1501 3338; x_wconf 78' lang='lat' dir='ltr'><strong>modestia</strong></span> 
     </span>
     <span class='ocr_line' id='line_1_24' title="bbox 591 3373 1503 3458; baseline -0.001 -21"><span class='ocrx_word' id='word_1_162' title='bbox 591 3374 790 3438; x_wconf 82' lang='lat' dir='ltr'><strong>indicendo:</strong></span> <span class='ocrx_word' id='word_1_163' title='bbox 826 3382 858 3437; x_wconf 84' lang='lat' dir='ltr'><strong>et</strong></span> <span class='ocrx_word' id='word_1_164' title='bbox 883 3376 942 3458; x_wconf 82' lang='lat' dir='ltr'><strong>qui</strong></span> <span class='ocrx_word' id='word_1_165' title='bbox 962 3375 1092 3436; x_wconf 75' lang='lat' dir='ltr'><strong>militia</strong></span> <span class='ocrx_word' id='word_1_166' title='bbox 1112 3382 1218 3436; x_wconf 84' lang='lat' dir='ltr'><strong>ortem</strong></span> <span class='ocrx_word' id='word_1_167' title='bbox 1238 3373 1450 3452; x_wconf 57' lang='lat' dir='ltr'><strong>tradiderint,</strong></span> <span class='ocrx_word' id='word_1_168' title='bbox 1470 3381 1503 3436; x_wconf 84' lang='lat' dir='ltr'><strong>et</strong></span> 
     </span>
     <span class='ocr_line' id='line_1_25' title="bbox 590 3475 1239 3559; baseline -0.006 -19"><span class='ocrx_word' id='word_1_169' title='bbox 590 3477 761 3559; x_wconf 72' lang='lat' dir='ltr'><strong>peueralm</strong></span> <span class='ocrx_word' id='word_1_170' title='bbox 776 3475 924 3559; x_wconf 76' lang='lat' dir='ltr'><strong>quodam</strong></span> <span class='ocrx_word' id='word_1_171' title='bbox 938 3481 1107 3557; x_wconf 78' lang='lat' dir='ltr'><strong>praecepto</strong></span> <span class='ocrx_word' id='word_1_172' title='bbox 1120 3495 1239 3538; x_wconf 82' lang='lat' dir='ltr'><strong>eorum.</strong></span> 
     </span>
    </p>
   </div>
   <div class='ocr_carea' id='block_1_4' title="bbox 548 3589 1506 4498">
    <p class='ocr_par' dir='ltr' id='par_1_4' title="bbox 548 3589 1506 4498">
     <span class='ocr_line' id='line_1_26' title="bbox 571 3589 1501 3694; baseline 0.004 -23"><span class='ocrx_word' id='word_1_173' title='bbox 571 3589 682 3682; x_wconf 47' lang='lat' dir='ltr'><strong>&#39;Qum</strong></span> <span class='ocrx_word' id='word_1_174' title='bbox 712 3630 816 3671; x_wconf 88' lang='lat' dir='ltr'><strong>moror</strong></span> <span class='ocrx_word' id='word_1_175' title='bbox 842 3609 876 3671; x_wconf 91' lang='lat' dir='ltr'><strong>in</strong></span> <span class='ocrx_word' id='word_1_176' title='bbox 902 3607 1182 3672; x_wconf 88' lang='lat' dir='ltr'><strong>commendatione</strong></span> <span class='ocrx_word' id='word_1_177' title='bbox 1204 3609 1320 3688; x_wconf 83' lang='lat' dir='ltr'><strong>gentis,</strong></span> <span class='ocrx_word' id='word_1_178' title='bbox 1342 3631 1439 3694; x_wconf 87' lang='lat' dir='ltr'><strong>quam</strong></span> <span class='ocrx_word' id='word_1_179' title='bbox 1461 3610 1501 3674; x_wconf 93' lang='lat' dir='ltr'><strong>de</strong></span> 
     </span>
     <span class='ocr_line' id='line_1_27' title="bbox 549 3708 1503 3794; baseline 0.002 -20"><span class='ocrx_word' id='word_1_180' title='bbox 549 3721 662 3775; x_wconf 85' lang='lat' dir='ltr'><strong>natura</strong></span> <span class='ocrx_word' id='word_1_181' title='bbox 683 3720 810 3774; x_wconf 88' lang='lat' dir='ltr'><strong>constat</strong></span> <span class='ocrx_word' id='word_1_182' title='bbox 838 3730 909 3773; x_wconf 91' lang='lat' dir='ltr'><strong>esse</strong></span> <span class='ocrx_word' id='word_1_183' title='bbox 933 3708 1154 3773; x_wconf 85' lang='lat' dir='ltr'><strong>laudabilem?</strong></span> <span class='ocrx_word' id='word_1_184' title='bbox 1193 3710 1313 3775; x_wconf 90' lang='lat' dir='ltr'><strong>Beatus</strong></span> <span class='ocrx_word' id='word_1_185' title='bbox 1334 3713 1503 3794; x_wconf 84' lang='lat' dir='ltr'><strong>Eugenius</strong></span> 
     </span>
     <span class='ocr_line' id='line_1_28' title="bbox 549 3810 1503 3895; baseline 0.001 -21"><span class='ocrx_word' id='word_1_186' title='bbox 549 3832 620 3874; x_wconf 89' lang='lat' dir='ltr'><strong>eam</strong></span> <span class='ocrx_word' id='word_1_187' title='bbox 643 3810 685 3873; x_wconf 87' lang='lat' dir='ltr'><strong>ad</strong></span> <span class='ocrx_word' id='word_1_188' title='bbox 708 3831 909 3895; x_wconf 76' lang='lat' dir='ltr'><strong>quaecuuque</strong></span> <span class='ocrx_word' id='word_1_189' title='bbox 931 3810 1026 3874; x_wconf 79' lang='lat' dir='ltr'><strong>vellet</strong></span> <span class='ocrx_word' id='word_1_190' title='bbox 1049 3811 1216 3895; x_wconf 83' lang='lat' dir='ltr'><strong>applicari,</strong></span> <span class='ocrx_word' id='word_1_191' title='bbox 1238 3810 1323 3873; x_wconf 83' lang='lat' dir='ltr'><strong>dixit</strong></span> <span class='ocrx_word' id='word_1_192' title='bbox 1341 3833 1412 3876; x_wconf 88' lang='lat' dir='ltr'><strong>csse</strong></span> <span class='ocrx_word' id='word_1_193' title='bbox 1431 3814 1503 3877; x_wconf 91' lang='lat' dir='ltr'><strong>ido·</strong></span> 
     </span>
     <span class='ocr_line' id='line_1_29' title="bbox 548 3910 1500 3997; baseline -0.001 -23"><span class='ocrx_word' id='word_1_194' title='bbox 548 3933 654 3990; x_wconf 87' lang='lat' dir='ltr'><strong>neam,</strong></span> <span class='ocrx_word' id='word_1_195' title='bbox 675 3921 709 3974; x_wconf 91' lang='lat' dir='ltr'><strong>et</strong></span> <span class='ocrx_word' id='word_1_196' title='bbox 731 3910 963 3995; x_wconf 73' lang='lat' dir='ltr'><strong>praeferendam</strong></span> <span class='ocrx_word' id='word_1_197' title='bbox 985 3912 1067 3989; x_wconf 88' lang='lat' dir='ltr'><strong>aliis,</strong></span> <span class='ocrx_word' id='word_1_198' title='bbox 1090 3913 1152 3975; x_wconf 90' lang='lat' dir='ltr'><strong>nisi</strong></span> <span class='ocrx_word' id='word_1_199' title='bbox 1178 3912 1291 3977; x_wconf 81' lang='lat' dir='ltr'><strong>levitas</strong></span> <span class='ocrx_word' id='word_1_200' title='bbox 1320 3913 1500 3997; x_wconf 89' lang='lat' dir='ltr'><strong>impediret.</strong></span> 
     </span>
     <span class='ocr_line' id='line_1_30' title="bbox 551 4012 1506 4098; baseline -0.003 -20"><span class='ocrx_word' id='word_1_201' title='bbox 551 4013 616 4078; x_wconf 84' lang='lat' dir='ltr'><strong>Sed</strong></span> <span class='ocrx_word' id='word_1_202' title='bbox 638 4012 733 4079; x_wconf 86' lang='lat' dir='ltr'><strong>sicuti</strong></span> <span class='ocrx_word' id='word_1_203' title='bbox 757 4013 925 4076; x_wconf 87' lang='lat' dir='ltr'><strong>Hannibal</strong></span> <span class='ocrx_word' id='word_1_204' title='bbox 947 4015 1089 4092; x_wconf 83' lang='lat' dir='ltr'><strong>negabat</strong></span> <span class='ocrx_word' id='word_1_205' title='bbox 1110 4036 1204 4098; x_wconf 91' lang='lat' dir='ltr'><strong>posse</strong></span> <span class='ocrx_word' id='word_1_206' title='bbox 1231 4014 1317 4076; x_wconf 82' lang='lat' dir='ltr'><strong>vinci</strong></span> <span class='ocrx_word' id='word_1_207' title='bbox 1340 4015 1506 4076; x_wconf 83' lang='lat' dir='ltr'><strong>Romanos</strong></span> 
     </span>
     <span class='ocr_line' id='line_1_31' title="bbox 550 4114 1505 4199; baseline -0.004 -22"><span class='ocrx_word' id='word_1_208' title='bbox 550 4116 615 4178; x_wconf 86' lang='lat' dir='ltr'><strong>nisi</strong></span> <span class='ocrx_word' id='word_1_209' title='bbox 643 4116 677 4178; x_wconf 92' lang='lat' dir='ltr'><strong>in</strong></span> <span class='ocrx_word' id='word_1_210' title='bbox 707 4115 811 4197; x_wconf 84' lang='lat' dir='ltr'><strong>patria</strong></span> <span class='ocrx_word' id='word_1_211' title='bbox 839 4135 909 4188; x_wconf 87' lang='lat' dir='ltr'><strong>sua,</strong></span> <span class='ocrx_word' id='word_1_212' title='bbox 930 4114 974 4177; x_wconf 88' lang='lat' dir='ltr'><strong>itu</strong></span> <span class='ocrx_word' id='word_1_213' title='bbox 1004 4125 1037 4178; x_wconf 90' lang='lat' dir='ltr'><strong>et</strong></span> <span class='ocrx_word' id='word_1_214' title='bbox 1065 4116 1148 4195; x_wconf 84' lang='lat' dir='ltr'><strong>haec,</strong></span> <span class='ocrx_word' id='word_1_215' title='bbox 1171 4116 1248 4179; x_wconf 88' lang='lat' dir='ltr'><strong>dum</strong></span> <span class='ocrx_word' id='word_1_216' title='bbox 1275 4115 1505 4199; x_wconf 76' lang='lat' dir='ltr'><strong>peregrinatur,</strong></span> 
     </span>
     <span class='ocr_line' id='line_1_32' title="bbox 552 4211 1506 4280; baseline -0.002 -2"><span class='ocrx_word' id='word_1_217' title='bbox 552 4215 748 4280; x_wconf 86' lang='lat' dir='ltr'><strong>invincibilis</strong></span> <span class='ocrx_word' id='word_1_218' title='bbox 770 4227 829 4279; x_wconf 79' lang='lat' dir='ltr'><strong>est</strong></span> <span class='ocrx_word' id='word_1_219' title='bbox 874 4217 960 4280; x_wconf 90' lang='lat' dir='ltr'><strong>Nam</strong></span> <span class='ocrx_word' id='word_1_220' title='bbox 989 4217 1177 4280; x_wconf 91' lang='lat' dir='ltr'><strong>insedibus</strong></span> <span class='ocrx_word' id='word_1_221' title='bbox 1206 4218 1274 4279; x_wconf 89' lang='lat' dir='ltr'><strong>suis</strong></span> <span class='ocrx_word' id='word_1_222' title='bbox 1304 4211 1428 4276; x_wconf 77' lang='lat' dir='ltr'><strong>facilius</strong></span> <span class='ocrx_word' id='word_1_223' title='bbox 1450 4233 1506 4276; x_wconf 88' lang='lat' dir='ltr'><strong>ex·</strong></span> 
     </span>
     <span class='ocr_line' id='line_1_33' title="bbox 553 4313 1505 4398; baseline 0.001 -20"><span class='ocrx_word' id='word_1_224' title='bbox 553 4326 720 4398; x_wconf 81' lang='lat' dir='ltr'><strong>pugnatur.</strong></span> <span class='ocrx_word' id='word_1_225' title='bbox 768 4317 842 4380; x_wconf 91' lang='lat' dir='ltr'><strong>Hoc</strong></span> <span class='ocrx_word' id='word_1_226' title='bbox 866 4329 971 4381; x_wconf 87' lang='lat' dir='ltr'><strong>autem</strong></span> <span class='ocrx_word' id='word_1_227' title='bbox 995 4318 1075 4381; x_wconf 87' lang='lat' dir='ltr'><strong>sorte</strong></span> <span class='ocrx_word' id='word_1_228' title='bbox 1099 4335 1270 4380; x_wconf 90' lang='lat' dir='ltr'><strong>commune</strong></span> <span class='ocrx_word' id='word_1_229' title='bbox 1293 4313 1414 4376; x_wconf 89' lang='lat' dir='ltr'><strong>habent</strong></span> <span class='ocrx_word' id='word_1_230' title='bbox 1432 4335 1505 4378; x_wconf 90' lang='lat' dir='ltr'><strong>cnm</strong></span> 
     </span>
     <span class='ocr_line' id='line_1_34' title="bbox 554 4417 1505 4498; baseline 0.001 -20"><span class='ocrx_word' id='word_1_231' title='bbox 554 4417 676 4480; x_wconf 81' lang='lat' dir='ltr'><strong>crateris</strong></span> <span class='ocrx_word' id='word_1_232' title='bbox 698 4419 845 4498; x_wconf 78' lang='lat' dir='ltr'><strong>gentibus</strong></span> <span class='ocrx_word' id='word_1_233' title='bbox 866 4420 980 4483; x_wconf 75' lang='lat' dir='ltr'><strong>incolas</strong></span> <span class='ocrx_word' id='word_1_234' title='bbox 1003 4417 1240 4482; x_wconf 84' lang='lat' dir='ltr'><strong>Britannisrum</strong></span> <span class='ocrx_word' id='word_1_235' title='bbox 1270 4423 1364 4497; x_wconf 88' lang='lat' dir='ltr'><strong>utque</strong></span> <span class='ocrx_word' id='word_1_236' title='bbox 1395 4417 1505 4482; x_wconf 83' lang='lat' dir='ltr'><strong>ltaliae.</strong></span> 
     </span>
    </p>
   </div>
   <div class='ocr_carea' id='block_1_5' title="bbox 0 0 2071 5634">
    <p class='ocr_par' dir='ltr' id='par_1_5' title="bbox 0 0 2071 5634">
     <span class='ocr_line' id='line_1_35' title="bbox 0 0 2071 5634; baseline 0 0"><span class='ocrx_word' id='word_1_237' title='bbox 0 0 2071 5634; x_wconf 95' lang='lat' dir='ltr'><strong> </strong></span> 
     </span>
    </p>
   </div>
  </div>
 </body>
</html>
