4084 5634
464 872 535 917 car.
551 853 635 933 xva]
812 870 1067 918 roar'caarrcos.
1352 846 1415 911 305

464 1044 526 1086 non
544 1024 621 1086 fiant
636 1021 676 1084 ad
697 1021 823 1097 lamam,
840 1019 894 1084 sed
915 1017 955 1082 ad
970 1019 1205 1095 conscientiam,
1220 1040 1295 1104 quae
1309 1018 1415 1081 omnia

464 1122 684 1209 aequanimiter
707 1133 825 1206 portat.
869 1121 918 1183 Ut
942 1123 1027 1184 enim
1052 1118 1097 1182 ait
1124 1117 1318 1203 Xenophon,
1340 1140 1414 1180 con·

464 1223 595 1288 scientia
608 1221 701 1307 justi,
716 1219 774 1284 scit
790 1219 959 1283 maledicta
976 1231 1185 1283 contemnere.
1232 1218 1319 1282 Usus
1338 1238 1415 1303 ergo

463 1346 569 1387 rerum
593 1319 763 1384 laudabilis
785 1333 840 1383 aut
862 1316 1032 1402 culpabilis
1053 1329 1112 1393 est,
1129 1339 1234 1380 rerum
1257 1316 1415 1380 duntaxat

464 1422 641 1488 differentia
670 1434 727 1486 est.
784 1419 878 1482 Unde
908 1419 1091 1505 Diaspenis,
1121 1419 1256 1503 pecunia
1284 1418 1416 1504 profuso

465 1526 575 1602 decus,
590 1547 685 1589 avaro
704 1522 894 1608 supplicium
917 1534 976 1585 est.
1021 1520 1190 1605 Fugienda
1209 1535 1293 1596 sunt,
1309 1521 1416 1608 inquit

465 1626 661 1703 Macrobius,
686 1623 834 1688 omnibus
860 1621 973 1697 modis,
996 1634 1027 1685 et
1053 1621 1266 1687 abscindenda
1288 1623 1361 1706 igne
1383 1636 1417 1687 et

464 1727 561 1804 ferro,
577 1740 711 1810 totoque
733 1723 865 1788 artificio
884 1722 1058 1806 separanda
1078 1721 1211 1806 languor
1231 1746 1250 1786 a
1272 1746 1416 1809 corpore,

466 1828 626 1914 imperitia
638 1828 679 1892 ab
690 1826 807 1903 animo,
819 1825 947 1889 luxuria
961 1847 980 1888 a
992 1838 1114 1901 ventre,
1126 1847 1144 1888 a
1155 1826 1284 1891 civitate
1295 1826 1418 1906 seditio,

468 1929 597 1992 adorno
618 1926 787 2002 discordia,
803 1940 835 1991 et
850 1927 881 1990 iu
904 1948 1070 1990 commune
1086 1950 1105 1991 a
1119 1928 1242 1991 cunctis
1262 1927 1357 1991 rebus
1371 1928 1418 1991 in-

468 2030 686 2116 temperantia.

468 2288 551 2370 Cap.
570 2292 619 2351 16.
642 2288 694 2352 Dc
713 2287 1071 2373 quatuorfluminibua
1087 2305 1163 2368 quae
1185 2286 1331 2369 desorata
1350 2284 1420 2352 libi·

510 2388 597 2451 dinis
609 2391 763 2452 oriuntur
773 2390 959 2472 Epicureis,
964 2389 1165 2471 firmantque
1179 2388 1346 2463 diluuium,
1358 2410 1420 2471 quo

500 2493 577 2572 scre
594 2490 736 2552 mundus
757 2495 942 2570 mergatur:
969 2497 1000 2552 et
1018 2489 1057 2551 de
1078 2488 1171 2569 aquis
1191 2493 1375 2564 contro-riis,
1390 2499 1422 2554 ct

510 2591 652 2654 vestibus
666 2590 773 2652 Esau.

513 2742 565 2804 Eo
576 2738 705 2826 quidem
722 2738 790 2802 hoec
802 2738 951 2803 universa
965 2754 1170 2818 concurrunt,
1184 2752 1221 2804 ut
1235 2741 1422 2807 ostendatur

470 2844 614 2928 quietum
639 2852 758 2904 statum
778 2840 810 2902 in
826 2838 1060 2924 rebuspublicis
1081 2852 1138 2904 aut
1159 2841 1304 2928 privatis,
1327 2845 1387 2909 nisi
1402 2869 1422 2908 a

468 2942 559 3006 fonte
575 2939 750 3027 sapientiae,
767 2938 921 3025 quicquid
938 2940 1054 3004 sentiat
1070 2942 1244 3026 Epicurus,
1255 2943 1422 3029 provenire

470 3063 531 3104 non
548 3064 648 3128 posse.
696 3043 790 3105 Hanc
800 3039 1093 3104 enimessebortum
1104 3040 1287 3106 deliciarum
1301 3043 1422 3107 uberri-

470 3139 1420 3229 mom,superiusdictumest,deqooqoatuorrirtutumllu-

471 3243 558 3306 mina
564 3245 721 3308 oriuntur.
734 3242 1176 3326 EdiversoetEpicureorum
1185 3244 1422 3310 hortuslontem

471 3364 565 3406 suum
588 3342 684 3406 babet
707 3341 881 3421 libidinem,
896 3343 953 3427 qui
975 3355 1007 3405 et
1029 3345 1096 3428 ipse
1117 3347 1258 3429 parturit
1279 3344 1422 3422 flumina,

471 3466 544 3531 quae
558 3443 692 3527 irrigant
714 3442 893 3507 universam
907 3443 990 3507 hanc
1010 3443 1123 3507 vallem
1139 3445 1371 3532 lachrymarum
1390 3463 1422 3513 et

470 3545 615 3618 miseriae,
633 3545 664 3607 in
681 3566 777 3631 quam
794 3544 913 3630 ejectus
927 3558 975 3610 est
990 3544 1078 3624 exul,
1095 3547 1150 3632 qui
1167 3547 1254 3633 quod
1270 3548 1376 3626 libuit,
1391 3564 1424 3615 et

470 3646 558 3734 quod
573 3647 679 3724 licuit,
695 3647 797 3711 facere
813 3646 987 3733 praelegit.
1025 3650 1070 3713 Et
1085 3648 1215 3735 quidem
1231 3652 1325 3738 quasi
1341 3676 1425 3718 unus

469 3749 559 3812 nvos
581 3761 627 3812 est
651 3770 739 3812 amor
762 3747 911 3823 habendi,
927 3772 991 3835 quo
1014 3750 1055 3813 ad
1079 3751 1294 3818 sufficientiam
1318 3777 1424 3820 rerum

470 3851 561 3936 copia
576 3848 746 3936 quaeritur,
754 3851 786 3913 in
803 3872 869 3936 quo
883 3851 1016 3916 avaritia
1031 3851 1154 3916 laborat
1169 3866 1287 3936 proeter
1302 3854 1423 3919 licitum

471 3951 642 4034 possidere,
668 3949 719 4013 iel
745 3950 834 4015 scire.
880 3950 975 4013 Alter
1001 3973 1077 4014 vero
1105 3950 1243 4017 luxoriae
1273 3953 1426 4019 lenocinia

471 4051 634 4127 diffundit,
646 4064 678 4115 et
693 4049 807 4116 defluit
819 4051 850 4114 in
868 4054 973 4115 varias
986 4050 1178 4137 voluptates,
1189 4053 1267 4117 dum
1283 4054 1324 4119 ad
1341 4070 1426 4120 tran·
1465 4054 1469 4133 ζ

471 4152 651 4237 quillitatis,
667 4165 700 4217 et
716 4152 838 4217 laetitiae
852 4150 972 4236 gaudia
987 4151 1120 4217 tendens
1134 4153 1263 4236 aspirat.
1295 4157 1427 4222 Tertius
1466 4210 1470 4219 .

473 4252 556 4314 vires
578 4253 711 4338 colligit,
734 4252 853 4339 quibus
876 4265 1004 4318 tueatur
1032 4267 1155 4318 natura
1181 4252 1371 4333 libertatem,
1394 4271 1426 4322 et
1465 4264 1470 4325 ἐ

471 4352 612 4435 cujusvis
627 4353 781 4419 molestias
791 4353 978 4440 propulsare
993 4354 1093 4439 possit
1104 4354 1252 4441 injurias:
1277 4369 1308 4420 et
1324 4380 1426 4444 quum
1464 4402 1469 4425 .

475 4453 596 4517 viribus
620 4453 843 4534 abundaverit,
866 4456 994 4540 prosilit
1018 4457 1050 4520 in
1074 4456 1223 4520 odibilem
1249 4459 1428 4543 tyrannidis

517 4574 587 4619 voa.
606 4575 649 4618 rv.
946 4577 968 4620 x
