4084 5634
938 357 1286 641 *lits-pti
1350 387 1502 554 tn
1546 338 1755 568 tto

482 878 552 924 ese.
569 863 651 943 x1v.]
832 879 1090 925 eonrcnsrrcos.
1398 869 1439 928 st

481 1032 572 1095 struit
597 1033 699 1112 gratis
724 1033 757 1094 in
784 1036 939 1097 bonorum
967 1034 1090 1098 lubrica
1109 1033 1304 1096 meritorum.
1352 1035 1435 1098 Sunt

480 1141 584 1195 autern
598 1133 740 1214 plurimi,
752 1133 809 1216 qni
824 1135 977 1198 malorum
992 1135 1130 1197 clamore
1145 1154 1286 1216 operum,
1300 1133 1431 1218 quando

478 1234 598 1297 militiae
624 1235 836 1298 consecrandi
861 1235 1026 1318 cingulum
1052 1236 1142 1299 sltsri
1168 1234 1362 1313 obtulerunt,
1385 1236 1431 1298 ri·

477 1335 591 1401 dentur
619 1340 798 1421 protestari,
822 1361 855 1401 se
881 1360 920 1402 eo
945 1351 1023 1401 tunc
1052 1340 1159 1401 animo
1189 1337 1373 1415 accessisse,
1396 1348 1432 1400 nt

478 1439 579 1516 ulturi,
596 1449 630 1502 et
649 1440 803 1503 ministris
824 1441 904 1523 ejus,
924 1438 981 1503 sed
1003 1449 1036 1502 et
1057 1440 1141 1517 Deo,
1155 1440 1212 1522 qni
1235 1439 1282 1501 ibi
1304 1440 1430 1516 colitur,

477 1539 599 1601 bellum
621 1538 861 1603 denunciarent.
907 1540 1046 1602 Facilius
1070 1537 1259 1602 crediderim
1281 1539 1341 1601 hos
1364 1558 1430 1601 ma·

476 1639 554 1702 litiae
585 1651 764 1719 execrator,
789 1662 885 1724 qnam
911 1637 952 1702 ad
976 1639 1153 1722 legitimam
1183 1637 1328 1702 militiam
1353 1659 1429 1701 con·

478 1751 626 1803 sectatos.

479 1999 559 2084 Cap.
573 2002 621 2062 14.
640 2001 734 2075 Quod
741 2002 915 2082 dumplina
930 2003 1087 2065 militaris
1095 2002 1279 2084 plurimam
1287 2000 1431 2083 modest,

651 2106 777 2187 etquid
787 2107 942 2168 militiam
958 2105 1251 2186 mosimcsronqit.

518 2261 673 2325 annns
696 2264 874 2327 necessaria
896 2273 945 2326 est
968 2263 1139 2348 disciplina
1160 2264 1316 2342 militaris,
1336 2265 1430 2348 cujus

478 2373 598 2446 quanta
626 2365 666 2428 sit
694 2366 825 2444 utilitas,
851 2387 917 2429 nou
948 2366 1039 2430 facile
1070 2366 1216 2430 dixerim.
1268 2369 1315 2430 Ut
1344 2368 1430 2430 enim

479 2461 601 2528 dictum
631 2476 689 2540 est,
719 2467 875 2530 Romanis
911 2467 992 2530 adeo
1028 2468 1146 2550 proluit
1180 2467 1365 2551 disciplina,
1395 2478 1432 2529 nt

479 2567 589 2629 orbem
611 2588 677 2630 suae
700 2569 898 2651 subjicerent
920 2569 1042 2632 ditioni
1094 2570 1279 2633 Alexander
1302 2590 1432 2654 quoque

479 2664 630 2741 Macedo,
645 2666 794 2746 exiguam
809 2687 938 2729 manum
953 2667 1123 2729 militarem
1138 2666 1283 2748 suscepit
1297 2687 1317 2728 a
1331 2677 1432 2749 patre,

480 2762 537 2825 sed
557 2763 696 2840 doctam,
715 2785 781 2846 qua
802 2767 981 2827 assuefacta
1002 2766 1126 2827 militiae
1148 2767 1258 2828 orbern
1281 2779 1431 2830 terrarum

480 2884 657 2946 eggressus,
675 2865 857 2928 innumeras
880 2866 1019 2929 hostium
1040 2865 1150 2949 copias
1171 2865 1261 2930 ludit.
1306 2867 1432 2931 Xerxes

479 2965 658 3029 atrecentis
670 2963 983 3029 Lacedaemoniorum
996 2966 1038 3030 ad
1053 2966 1276 3051 Thermopilas
1288 2975 1432 3044 vexatus,

479 3085 577 3147 qnum
592 3085 647 3128 eos
662 3085 758 3128 mann
773 3064 910 3144 infinite,
926 3066 1132 3152 plurimisque
1148 3088 1277 3131 suorum
1292 3067 1431 3146 amissis,

479 3167 532 3229 vix
563 3167 763 3244 confecisset,
788 3167 823 3228 in
851 3187 891 3228 eo
920 3187 955 3229 se
981 3166 1153 3252 deceptum
1179 3167 1318 3246 dicebat,
1344 3164 1432 3252 quod

479 3268 597 3329 multos
619 3267 750 3349 quidem
770 3267 918 3329 homines
938 3267 1081 3345 haberet,
1101 3269 1184 3331 viros
1207 3278 1313 3332 sutem
1336 3268 1432 3332 disci·

480 3368 578 3450 plinee
612 3378 745 3429 tenaces
777 3368 892 3429 nullos.
949 3369 1024 3431 Hoc
1057 3368 1210 3450 equidem
1240 3388 1311 3430 rere
1340 3366 1434 3447 dixit,

482 3467 570 3552 quod
599 3477 632 3531 et
661 3467 736 3548 tirgs
763 3466 819 3530 illa
848 3477 988 3545 testatur,
1018 3488 1084 3551 qne
1118 3468 1203 3552 apud
1238 3468 1431 3534 Salaminam

479 3570 612 3654 turpiter
640 3569 754 3645 vicus,
784 3568 839 3652 qui
869 3578 918 3632 tot
946 3579 1058 3650 gentas
1094 3569 1127 3632 in
1163 3571 1248 3635 belle
1276 3569 1432 3650 trahebat,

479 3681 516 3735 nt
535 3671 634 3736 duces
654 3690 721 3733 non
740 3679 873 3752 possent
891 3669 985 3734 facile
1005 3670 1176 3745 numernri,
1192 3671 1248 3734 vix
1267 3690 1333 3735 uns
1351 3689 1431 3737 nave

478 3771 586 3836 erasit.
631 3769 742 3833 Fertur
763 3766 851 3832 enim
871 3768 957 3853 quod
978 3768 1076 3833 duces
1097 3769 1258 3833 exercitus
1278 3770 1348 3855 ejus
1365 3791 1432 3835 non

480 3870 681 3934 consueverit
702 3890 768 3953 prre
793 3869 997 3933 multitudine
1021 3871 1114 3934 aliter
1134 3891 1312 3949 numerare,
1336 3893 1432 3956 quam

478 3972 616 4056 singulis
650 3971 722 4034 telis
757 3969 944 4054 receptisa
976 3971 1122 4053 singulis,
1151 3982 1187 4035 ut
1223 3993 1267 4035 ex
1300 3992 1432 4035 numero

478 4077 626 4151 telorum,
657 4072 776 4136 ducum
806 4093 934 4157 quoqne
963 4093 1113 4138 numerus
1143 4084 1314 4137 teneretur.
1373 4069 1433 4134 Est

480 4187 585 4240 sutem
609 4175 677 4238 dux
699 4193 932 4258 usquaqueque
954 4173 1089 4253 inutilis,
1109 4174 1197 4258 apud
1219 4194 1316 4256 quern
1337 4170 1433 4234 disci·

480 4277 569 4359 plina
597 4298 663 4340 non
694 4275 800 4357 viget3
832 4285 865 4338 et
893 4270 1008 4339 frustra
1036 4288 1143 4360 sperat
1172 4272 1347 4346 victoriam,
1378 4273 1433 4357 qui

482 4379 605 4442 animos
613 4399 790 4462 manusque
803 4378 939 4441 militnm
953 4376 1083 4442 assidue
1095 4394 1162 4436 non
1174 4382 1310 4436 exercet
1336 4374 1433 4439 Miles

480 4479 608 4551 subitus
628 4481 734 4546 subito
757 4479 876 4545 deserit
898 4478 1025 4554 ducem,
1047 4488 1079 4538 st
1097 4474 1239 4540 laborem
1261 4474 1338 4540 serre
1362 4498 1427 4541 non

929 4597 951 4640 n
966 4583 986 4639 2
