4084 5634
617 862 659 920 92
879 875 1016 922 ioannis
1032 876 1308 923 saaasanmansrs
1409 859 1491 940 [nra.
1506 880 1563 925 vn.

616 1028 812 1112 parentibus,
838 1028 1016 1111 frequenter
1046 1029 1166 1092 habuit.
1212 1030 1361 1094 Docebat
1389 1051 1475 1094 nunc
1506 1032 1565 1094 has

615 1126 803 1209 pudicitiam
818 1137 851 1188 et
865 1126 1020 1210 obsequia
1034 1127 1067 1190 in
1083 1129 1178 1204 viros,
1189 1148 1275 1191 nunc
1291 1129 1363 1193 illos
1376 1129 1563 1193 modestiam

616 1234 650 1291 et
670 1229 830 1292 literarum
854 1226 1005 1291 studium.
1051 1230 1141 1293 luter
1161 1231 1244 1308 haec,
1266 1232 1352 1294 velut
1377 1230 1562 1313 genitricem

615 1330 776 1406 virtutum,
800 1329 1011 1410 frugalitatem
1035 1329 1186 1394 omnibus
1212 1331 1388 1414 ingerebat.
1441 1332 1563 1395 Conse·

615 1440 773 1514 tutusque
788 1428 1039 1513 disputationum
1057 1430 1243 1495 assiduitate
1264 1443 1340 1507 erat,
1358 1443 1393 1494 ut
1410 1441 1562 1494 matronae

615 1535 739 1590 auratas
759 1537 874 1602 vestes,
891 1536 1070 1610 caeteraque
1092 1525 1257 1608 dignitatis
1278 1549 1345 1590 sua
1368 1540 1563 1600 ammenta,

617 1627 707 1711 quasi
726 1627 863 1690 luxuriae
883 1626 1101 1703 instrumenta,
1117 1627 1325 1710 deponerent,
1339 1649 1440 1712 eaque
1456 1628 1564 1691 omnia

616 1728 723 1792 delata
739 1728 773 1791 in
793 1729 813 1793 J
816 1728 929 1792 naonis
950 1727 1064 1806 oedem,
1079 1727 1142 1812 ipsi
1157 1728 1228 1793 deae
1251 1742 1483 1806 consecrarent,
1498 1751 1562 1812 prae

615 1851 649 1895 se
671 1829 819 1905 ferentes,
834 1850 909 1893 vera
928 1843 1114 1892 ornamenta
1134 1839 1360 1908 matronarum,
1373 1830 1563 1916 pudicitiam

616 1953 680 1995 non
696 1944 799 1995 vestes
813 1951 894 1995 esse.
939 1931 979 1993 ln
989 1930 1161 2013 juventute
1177 1954 1305 2016 quoque
1320 1942 1475 2017 quantum
1491 1954 1564 2015 pro·

616 2033 758 2116 fligatum
777 2033 829 2107 sit,
845 2033 921 2096 victi
941 2033 1138 2097 faeminarum
1156 2048 1363 2097 contumaces
1383 2036 1480 2098 animi
1501 2055 1565 2097 ma-

615 2134 776 2198 nifestant.
821 2134 886 2198 Sed
901 2135 1038 2199 trecenti
1053 2156 1095 2198 ex
1108 2135 1294 2220 juvenibus,
1311 2157 1409 2220 quum
1425 2136 1564 2198 sodalitii

610 2236 693 2318 juris
714 2250 912 2300 sacramento
934 2248 1110 2319 separatam
1135 2259 1154 2299 a
1176 2237 1300 2301 caeteris
1323 2237 1446 2299 civibus
1468 2236 1562 2298 vitam

614 2348 755 2420 agerent,
772 2339 864 2423 quasi
886 2349 1006 2402 coetum
1029 2336 1234 2403 clandestina
1257 2337 1484 2423 conjurationis
1506 2337 1562 2400 ba-

614 2441 729 2505 bentes
748 2439 898 2504 adversus
913 2440 1140 2524 Pythagoram,
1155 2439 1314 2503 civitatem
1330 2439 1364 2501 in
1380 2461 1415 2504 se
1430 2459 1562 2502 conver·

614 2552 731 2616 terunt,
742 2563 813 2626 quae
830 2563 897 2621 eos,
909 2560 1007 2626 quum
1022 2541 1056 2604 in
1073 2562 1169 2605 unam
1180 2541 1312 2605 domum
1327 2542 1563 2617 convenissent,

614 2665 753 2708 cremare
782 2645 894 2724 voluit,
921 2645 955 2708 in
985 2665 1051 2728 quo
1083 2646 1222 2708 tumultu
1258 2644 1428 2727 sexaginta
1463 2643 1561 2706 ferme

613 2745 744 2826 periere,
769 2748 876 2810 caeteri
904 2747 938 2813 in
967 2747 1102 2810 exilium
1132 2745 1269 2828 proiecti
1294 2759 1377 2809 sunt
1421 2747 1473 2809 Ab
1498 2745 1561 2809 hoc

612 2847 720 2929 itaque
752 2849 1019 2931 philosophomm
1058 2869 1159 2928 genus
1189 2847 1350 2924 italicum,
1380 2867 1561 2931 nomenque

612 2946 825 3028 philosophia
847 2958 992 3009 exortum
1015 2960 1075 3010 est.
1118 2949 1242 3009 Tantus
1264 2958 1368 3010 autem
1395 2948 1503 3009 extitit
1528 2948 1559 3007 in

612 3045 668 3108 illa
702 3058 791 3128 parte
827 3046 1054 3128 philosophia,
1084 3069 1157 3130 quae
1191 3046 1390 3128 speculativa
1419 3057 1561 3124 vocatur,

612 3157 649 3211 ut
669 3147 700 3210 ei
721 3146 890 3231 quisquam
915 3148 1209 3232 philosophantium
1233 3147 1288 3210 vix
1313 3149 1451 3231 potuerit
1477 3147 1561 3211 adae·

613 3251 712 3335 quari.
756 3249 881 3315 Tantus
908 3251 942 3315 in
971 3251 1170 3329 innocentia,
1195 3264 1231 3316 ut
1257 3252 1298 3315 ab
1325 3251 1466 3315 omnium
1493 3252 1561 3316 ani·

611 3353 764 3416 mantium
793 3363 987 3437 temperasse
1018 3355 1165 3418 credatur
1194 3352 1310 3418 edulio.
1366 3353 1490 3417 Tantus
1527 3355 1561 3416 in

612 3455 699 3515 cultu
719 3454 864 3535 justitiae,
889 3469 923 3518 ut
948 3459 1086 3539 populos
1112 3457 1199 3519 illius
1224 3456 1324 3538 partis
1351 3453 1465 3530 Italiae,
1487 3478 1560 3538 quae

611 3552 786 3634 antiquitus
822 3554 946 3633 Magna
979 3555 1107 3617 Graecia
1144 3555 1229 3618 dicta
1265 3564 1324 3631 est,
1354 3554 1450 3616 etiarn
1487 3565 1562 3636 post

611 3664 745 3715 mortem
765 3652 905 3715 nominis
920 3652 990 3734 ejus
1005 3655 1177 3717 auctoritas
1192 3654 1317 3717 rexerit.
1362 3654 1470 3724 Quum
1485 3676 1561 3717 vero

611 3765 704 3817 antea
724 3751 884 3835 sapientes
904 3750 1096 3830 dicerentur,
1111 3753 1165 3836 qui
1182 3752 1369 3816 videbantur
1388 3753 1461 3815 aliis
1480 3776 1560 3835 prae·

609 3854 778 3918 stantiores
811 3873 893 3931 esse,
922 3853 1132 3935 interrogatus
1162 3852 1241 3938 quid
1279 3874 1313 3915 se
1350 3852 1561 3935 profiteretur,

610 3955 842 4038 Philosophum
868 3975 902 4018 se
928 3975 998 4018 esse
1025 3955 1204 4038 respondit,
1228 3953 1261 4016 id
1289 3967 1347 4030 est,
1371 3953 1560 4033 studiosum,

610 4058 661 4121 vel
676 4056 843 4142 sapientire
858 4067 1040 4134 amatorem,
1058 4056 1208 4139 quoniam
1220 4055 1397 4138 sapientem
1408 4055 1560 4138 profiteri,

609 4155 1086 4240 arrogantissimumvidebatur.
1111 4157 1261 4239 Denique
1272 4176 1369 4239 quum
1379 4153 1420 4218 ad
1430 4158 1558 4239 propul-

609 4261 740 4324 eandam
756 4261 862 4325 labem
877 4279 1011 4334 morum,
1024 4257 1136 4340 viginti
1151 4278 1253 4321 annos
1268 4256 1386 4338 egisset
1400 4257 1559 4337 Crotona,

609 4361 833 4444 Metapontum
849 4360 1004 4442 migravit,
1021 4360 1132 4444 ibique
1153 4358 1301 4424 decessit.
1347 4358 1449 4442 Cujus
1472 4371 1559 4424 tauta

609 4459 773 4529 admiratio
799 4465 867 4544 suit,
890 4474 926 4527 ut
946 4486 989 4528 ex
1020 4462 1207 4548 domoejus
1229 4463 1383 4544 templum
1408 4463 1558 4544 iacerent,
