<?xml version="1.0" encoding="UTF-8"?>
<!DOCTYPE html PUBLIC "-//W3C//DTD XHTML 1.0 Transitional//EN"
    "http://www.w3.org/TR/xhtml1/DTD/xhtml1-transitional.dtd">
<html xmlns="http://www.w3.org/1999/xhtml" xml:lang="en" lang="en">
 <head>
  <title>
</title>
<meta http-equiv="Content-Type" content="text/html;charset=utf-8" />
  <meta name='ocr-system' content='tesseract 3.04.00' />
  <meta name='ocr-capabilities' content='ocr_page ocr_carea ocr_par ocr_line ocrx_word'/>
</head>
<body>
  <div class='ocr_page' id='page_1' title='image "./joannissaresber07johngoog_0074.png"; bbox 0 0 4084 5634; ppageno 0'>
   <div class='ocr_carea' id='block_1_1' title="bbox 642 793 1591 872">
    <p class='ocr_par' dir='ltr' id='par_1_1' title="bbox 642 793 1591 872">
     <span class='ocr_line' id='line_1_1' title="bbox 642 793 1591 872; baseline -0.005 -15"><span class='ocrx_word' id='word_1_1' title='bbox 642 801 683 857; x_wconf 88' lang='grc'><strong>66</strong></span> <span class='ocrx_word' id='word_1_2' title='bbox 900 808 1035 853; x_wconf 70' lang='lat' dir='ltr'><strong>sossius</strong></span> <span class='ocrx_word' id='word_1_3' title='bbox 1049 806 1328 852; x_wconf 78' lang='lat' dir='ltr'><strong>sssassnsrnrrsrs</strong></span> <span class='ocrx_word' id='word_1_4' title='bbox 1449 793 1531 872; x_wconf 83' lang='lat' dir='ltr'><strong>[ms.</strong></span> <span class='ocrx_word' id='word_1_5' title='bbox 1546 810 1591 854; x_wconf 87' lang='lat' dir='ltr'><strong>vr.</strong></span> 
     </span>
    </p>
   </div>
   <div class='ocr_carea' id='block_1_2' title="bbox 644 958 1610 4492">
    <p class='ocr_par' dir='ltr' id='par_1_2' title="bbox 644 958 1610 4492">
     <span class='ocr_line' id='line_1_2' title="bbox 645 958 1591 1046; baseline -0.003 -19"><span class='ocrx_word' id='word_1_6' title='bbox 645 964 758 1029; x_wconf 85' lang='lat' dir='ltr'><strong>mulier</strong></span> <span class='ocrx_word' id='word_1_7' title='bbox 776 961 910 1035; x_wconf 85' lang='lat' dir='ltr'><strong>detexit,</strong></span> <span class='ocrx_word' id='word_1_8' title='bbox 925 971 958 1024; x_wconf 93' lang='lat' dir='ltr'><strong>et</strong></span> <span class='ocrx_word' id='word_1_9' title='bbox 972 961 1019 1024; x_wconf 92' lang='lat' dir='ltr'><strong>M.</strong></span> <span class='ocrx_word' id='word_1_10' title='bbox 1036 959 1179 1023; x_wconf 89' lang='lat' dir='ltr'><strong>Tullium</strong></span> <span class='ocrx_word' id='word_1_11' title='bbox 1200 962 1366 1024; x_wconf 87' lang='lat' dir='ltr'><strong>consulem</strong></span> <span class='ocrx_word' id='word_1_12' title='bbox 1381 960 1415 1023; x_wconf 92' lang='lat' dir='ltr'><strong>in</strong></span> <span class='ocrx_word' id='word_1_13' title='bbox 1430 958 1591 1046; x_wconf 89' lang='lat' dir='ltr'><strong>judicium</strong></span> 
     </span>
     <span class='ocr_line' id='line_1_3' title="bbox 644 1062 1594 1153; baseline -0.004 -21"><span class='ocrx_word' id='word_1_14' title='bbox 644 1069 715 1153; x_wconf 88' lang='lat' dir='ltr'><strong>ejus</strong></span> <span class='ocrx_word' id='word_1_15' title='bbox 744 1066 901 1131; x_wconf 81' lang='lat' dir='ltr'><strong>instruxit</strong></span> <span class='ocrx_word' id='word_1_16' title='bbox 947 1064 1131 1128; x_wconf 88' lang='lat' dir='ltr'><strong>Tormentis</strong></span> <span class='ocrx_word' id='word_1_17' title='bbox 1159 1062 1290 1148; x_wconf 90' lang='lat' dir='ltr'><strong>quidem</strong></span> <span class='ocrx_word' id='word_1_18' title='bbox 1319 1064 1479 1128; x_wconf 84' lang='lat' dir='ltr'>subdendi</span> <span class='ocrx_word' id='word_1_19' title='bbox 1509 1078 1594 1143; x_wconf 90' lang='lat' dir='ltr'><strong>sunt,</strong></span> 
     </span>
     <span class='ocr_line' id='line_1_4' title="bbox 645 1164 1594 1251; baseline -0.002 -19"><span class='ocrx_word' id='word_1_20' title='bbox 645 1170 673 1232; x_wconf 88' lang='lat' dir='ltr'><strong>si</strong></span> <span class='ocrx_word' id='word_1_21' title='bbox 694 1169 757 1231; x_wconf 93' lang='lat' dir='ltr'><strong>hoo</strong></span> <span class='ocrx_word' id='word_1_22' title='bbox 780 1167 860 1230; x_wconf 89' lang='lat' dir='ltr'><strong>ratio</strong></span> <span class='ocrx_word' id='word_1_23' title='bbox 882 1165 1092 1241; x_wconf 80' lang='lat' dir='ltr'>necessitatis,</span> <span class='ocrx_word' id='word_1_24' title='bbox 1114 1177 1170 1227; x_wconf 91' lang='lat' dir='ltr'><strong>aut</strong></span> <span class='ocrx_word' id='word_1_25' title='bbox 1197 1164 1343 1229; x_wconf 75' lang='lat' dir='ltr'><strong>utilitatis</strong></span> <span class='ocrx_word' id='word_1_26' title='bbox 1370 1165 1514 1241; x_wconf 89' lang='lat' dir='ltr'><strong>inducat,</strong></span> <span class='ocrx_word' id='word_1_27' title='bbox 1537 1168 1594 1251; x_wconf 90' lang='lat' dir='ltr'><strong>qni</strong></span> 
     </span>
     <span class='ocr_line' id='line_1_5' title="bbox 646 1263 1593 1351; baseline -0.003 -16"><span class='ocrx_word' id='word_1_28' title='bbox 646 1268 788 1335; x_wconf 88' lang='lat' dir='ltr'><strong>criminis</strong></span> <span class='ocrx_word' id='word_1_29' title='bbox 809 1268 880 1351; x_wconf 91' lang='lat' dir='ltr'><strong>ejus</strong></span> <span class='ocrx_word' id='word_1_30' title='bbox 900 1268 946 1330; x_wconf 91' lang='lat' dir='ltr'><strong>rei</strong></span> <span class='ocrx_word' id='word_1_31' title='bbox 968 1287 1037 1330; x_wconf 89' lang='lat' dir='ltr'><strong>esse</strong></span> <span class='ocrx_word' id='word_1_32' title='bbox 1059 1263 1232 1330; x_wconf 88' lang='lat' dir='ltr'><strong>creduntur</strong></span> <span class='ocrx_word' id='word_1_33' title='bbox 1261 1286 1334 1329; x_wconf 89' lang='lat' dir='ltr'><strong>cum</strong></span> <span class='ocrx_word' id='word_1_34' title='bbox 1362 1267 1437 1344; x_wconf 90' lang='lat' dir='ltr'><strong>illis,</strong></span> <span class='ocrx_word' id='word_1_35' title='bbox 1459 1288 1593 1350; x_wconf 91' lang='lat' dir='ltr'><strong>quorum</strong></span> 
     </span>
     <span class='ocr_line' id='line_1_6' title="bbox 647 1366 1596 1452; baseline -0.001 -17"><span class='ocrx_word' id='word_1_36' title='bbox 647 1371 782 1435; x_wconf 89' lang='lat' dir='ltr'><strong>consilio</strong></span> <span class='ocrx_word' id='word_1_37' title='bbox 805 1378 901 1452; x_wconf 89' lang='lat' dir='ltr'><strong>atque</strong></span> <span class='ocrx_word' id='word_1_38' title='bbox 924 1366 1079 1431; x_wconf 88' lang='lat' dir='ltr'><strong>instinctu</strong></span> <span class='ocrx_word' id='word_1_39' title='bbox 1107 1366 1147 1431; x_wconf 91' lang='lat' dir='ltr'><strong>ad</strong></span> <span class='ocrx_word' id='word_1_40' title='bbox 1170 1368 1410 1432; x_wconf 83' lang='lat' dir='ltr'><strong>accusationem</strong></span> <span class='ocrx_word' id='word_1_41' title='bbox 1439 1369 1596 1434; x_wconf 82' lang='lat' dir='ltr'><strong>visisunt</strong></span> 
     </span>
     <span class='ocr_line' id='line_1_7' title="bbox 647 1468 1595 1544; baseline -0.001 -9"><span class='ocrx_word' id='word_1_42' title='bbox 647 1471 832 1544; x_wconf 81' lang='lat' dir='ltr'><strong>accessisse,</strong></span> <span class='ocrx_word' id='word_1_43' title='bbox 854 1479 890 1533; x_wconf 89' lang='lat' dir='ltr'><strong>ut</strong></span> <span class='ocrx_word' id='word_1_44' title='bbox 918 1470 960 1532; x_wconf 91' lang='lat' dir='ltr'><strong>ab</strong></span> <span class='ocrx_word' id='word_1_45' title='bbox 986 1468 1135 1533; x_wconf 89' lang='lat' dir='ltr'><strong>omnibus</strong></span> <span class='ocrx_word' id='word_1_46' title='bbox 1157 1468 1337 1532; x_wconf 87' lang='lat' dir='ltr'><strong>commissis</strong></span> <span class='ocrx_word' id='word_1_47' title='bbox 1366 1471 1505 1534; x_wconf 88' lang='lat' dir='ltr'><strong>consciis</strong></span> <span class='ocrx_word' id='word_1_48' title='bbox 1527 1473 1595 1534; x_wconf 82' lang='lat' dir='ltr'><strong>rin-</strong></span> 
     </span>
     <span class='ocr_line' id='line_1_8' title="bbox 648 1570 1595 1658; baseline 0 -20"><span class='ocrx_word' id='word_1_49' title='bbox 648 1574 736 1638; x_wconf 80' lang='lat' dir='ltr'><strong>dicta</strong></span> <span class='ocrx_word' id='word_1_50' title='bbox 763 1573 866 1657; x_wconf 81' lang='lat' dir='ltr'><strong>possit</strong></span> <span class='ocrx_word' id='word_1_51' title='bbox 894 1571 1040 1635; x_wconf 89' lang='lat' dir='ltr'><strong>instituta</strong></span> <span class='ocrx_word' id='word_1_52' title='bbox 1069 1571 1233 1654; x_wconf 87' lang='lat' dir='ltr'><strong>reportari.</strong></span> <span class='ocrx_word' id='word_1_53' title='bbox 1279 1570 1361 1635; x_wconf 87' lang='lat' dir='ltr'><strong>Sunt</strong></span> <span class='ocrx_word' id='word_1_54' title='bbox 1389 1584 1495 1637; x_wconf 88' lang='lat' dir='ltr'><strong>autem</strong></span> <span class='ocrx_word' id='word_1_55' title='bbox 1525 1577 1595 1658; x_wconf 93' lang='lat' dir='ltr'><strong>plu-</strong></span> 
     </span>
     <span class='ocr_line' id='line_1_9' title="bbox 646 1671 1596 1757; baseline 0.002 -19"><span class='ocrx_word' id='word_1_56' title='bbox 646 1676 735 1753; x_wconf 88' lang='lat' dir='ltr'><strong>rima,</strong></span> <span class='ocrx_word' id='word_1_57' title='bbox 764 1695 837 1757; x_wconf 84' lang='lat' dir='ltr'><strong>quae</strong></span> <span class='ocrx_word' id='word_1_58' title='bbox 868 1671 1044 1755; x_wconf 88' lang='lat' dir='ltr'><strong>majestatis</strong></span> <span class='ocrx_word' id='word_1_59' title='bbox 1072 1672 1245 1735; x_wconf 82' lang='lat' dir='ltr'><strong>informant</strong></span> <span class='ocrx_word' id='word_1_60' title='bbox 1274 1673 1406 1750; x_wconf 89' lang='lat' dir='ltr'><strong>crimen,</strong></span> <span class='ocrx_word' id='word_1_61' title='bbox 1436 1687 1471 1739; x_wconf 92' lang='lat' dir='ltr'><strong>nt</strong></span> <span class='ocrx_word' id='word_1_62' title='bbox 1499 1676 1527 1738; x_wconf 89' lang='lat' dir='ltr'><strong>si</strong></span> <span class='ocrx_word' id='word_1_63' title='bbox 1555 1676 1596 1740; x_wconf 90' lang='lat' dir='ltr'><strong>de</strong></span> 
     </span>
     <span class='ocr_line' id='line_1_10' title="bbox 647 1773 1598 1860; baseline 0.001 -19"><span class='ocrx_word' id='word_1_64' title='bbox 647 1788 747 1841; x_wconf 85' lang='lat' dir='ltr'><strong>morte</strong></span> <span class='ocrx_word' id='word_1_65' title='bbox 761 1774 918 1860; x_wconf 89' lang='lat' dir='ltr'><strong>principis</strong></span> <span class='ocrx_word' id='word_1_66' title='bbox 932 1783 1092 1851; x_wconf 79' lang='lat' dir='ltr'><strong>tractetur,</strong></span> <span class='ocrx_word' id='word_1_67' title='bbox 1108 1784 1163 1836; x_wconf 88' lang='lat' dir='ltr'><strong>aut</strong></span> <span class='ocrx_word' id='word_1_68' title='bbox 1176 1773 1427 1856; x_wconf 80' lang='lat' dir='ltr'><strong>magistratuum,</strong></span> <span class='ocrx_word' id='word_1_69' title='bbox 1441 1788 1496 1841; x_wconf 90' lang='lat' dir='ltr'><strong>aut</strong></span> <span class='ocrx_word' id='word_1_70' title='bbox 1510 1798 1598 1841; x_wconf 87' lang='lat' dir='ltr'><strong>arma</strong></span> 
     </span>
     <span class='ocr_line' id='line_1_11' title="bbox 648 1874 1597 1964; baseline 0 -22"><span class='ocrx_word' id='word_1_71' title='bbox 648 1879 722 1964; x_wconf 89' lang='lat' dir='ltr'><strong>quis</strong></span> <span class='ocrx_word' id='word_1_72' title='bbox 747 1890 856 1941; x_wconf 88' lang='lat' dir='ltr'><strong>contra</strong></span> <span class='ocrx_word' id='word_1_73' title='bbox 881 1874 1016 1959; x_wconf 87' lang='lat' dir='ltr'><strong>patriam</strong></span> <span class='ocrx_word' id='word_1_74' title='bbox 1041 1874 1159 1952; x_wconf 86' lang='lat' dir='ltr'><strong>tulerit,</strong></span> <span class='ocrx_word' id='word_1_75' title='bbox 1180 1885 1235 1938; x_wconf 89' lang='lat' dir='ltr'><strong>aut</strong></span> <span class='ocrx_word' id='word_1_76' title='bbox 1255 1877 1367 1940; x_wconf 88' lang='lat' dir='ltr'><strong>relicto</strong></span> <span class='ocrx_word' id='word_1_77' title='bbox 1389 1877 1534 1961; x_wconf 82' lang='lat' dir='ltr'><strong>principe</strong></span> <span class='ocrx_word' id='word_1_78' title='bbox 1557 1878 1597 1943; x_wconf 89' lang='lat' dir='ltr'><strong>de</strong></span> 
     </span>
     <span class='ocr_line' id='line_1_12' title="bbox 648 1975 1597 2063; baseline 0.001 -22"><span class='ocrx_word' id='word_1_79' title='bbox 648 1979 781 2063; x_wconf 89' lang='lat' dir='ltr'><strong>publico</strong></span> <span class='ocrx_word' id='word_1_80' title='bbox 810 1977 895 2039; x_wconf 91' lang='lat' dir='ltr'><strong>bello</strong></span> <span class='ocrx_word' id='word_1_81' title='bbox 924 1975 1111 2058; x_wconf 79' lang='lat' dir='ltr'><strong>profugerit,</strong></span> <span class='ocrx_word' id='word_1_82' title='bbox 1141 1985 1198 2038; x_wconf 88' lang='lat' dir='ltr'><strong>aut</strong></span> <span class='ocrx_word' id='word_1_83' title='bbox 1227 1976 1422 2042; x_wconf 86' lang='lat' dir='ltr'><strong>concitatum</strong></span> <span class='ocrx_word' id='word_1_84' title='bbox 1451 1979 1486 2042; x_wconf 92' lang='lat' dir='ltr'><strong>in</strong></span> <span class='ocrx_word' id='word_1_85' title='bbox 1515 1981 1597 2044; x_wconf 84' lang='lat' dir='ltr'><strong>sedi-</strong></span> 
     </span>
     <span class='ocr_line' id='line_1_13' title="bbox 649 2076 1598 2163; baseline 0.002 -21"><span class='ocrx_word' id='word_1_86' title='bbox 649 2080 769 2142; x_wconf 89' lang='lat' dir='ltr'><strong>tionem</strong></span> <span class='ocrx_word' id='word_1_87' title='bbox 785 2076 936 2141; x_wconf 87' lang='lat' dir='ltr'><strong>adversus</strong></span> <span class='ocrx_word' id='word_1_88' title='bbox 950 2077 1181 2158; x_wconf 85' lang='lat' dir='ltr'><strong>rempublicam</strong></span> <span class='ocrx_word' id='word_1_89' title='bbox 1197 2076 1414 2142; x_wconf 84' lang='lat' dir='ltr'><strong>sollicitaverit</strong></span> <span class='ocrx_word' id='word_1_90' title='bbox 1427 2082 1598 2163; x_wconf 88' lang='lat' dir='ltr'><strong>populum:</strong></span> 
     </span>
     <span class='ocr_line' id='line_1_14' title="bbox 650 2176 1599 2266; baseline 0.004 -24"><span class='ocrx_word' id='word_1_91' title='bbox 650 2180 782 2263; x_wconf 84' lang='lat' dir='ltr'><strong>cujusve</strong></span> <span class='ocrx_word' id='word_1_92' title='bbox 806 2198 914 2260; x_wconf 87' lang='lat' dir='ltr'><strong>opera,</strong></span> <span class='ocrx_word' id='word_1_93' title='bbox 940 2176 1054 2241; x_wconf 81' lang='lat' dir='ltr'><strong>dolore</strong></span> <span class='ocrx_word' id='word_1_94' title='bbox 1081 2179 1176 2255; x_wconf 86' lang='lat' dir='ltr'><strong>malo,</strong></span> <span class='ocrx_word' id='word_1_95' title='bbox 1200 2178 1309 2240; x_wconf 86' lang='lat' dir='ltr'><strong>hostes</strong></span> <span class='ocrx_word' id='word_1_96' title='bbox 1338 2181 1461 2262; x_wconf 89' lang='lat' dir='ltr'><strong>populi,</strong></span> <span class='ocrx_word' id='word_1_97' title='bbox 1489 2181 1599 2266; x_wconf 90' lang='lat' dir='ltr'><strong>reique</strong></span> 
     </span>
     <span class='ocr_line' id='line_1_15' title="bbox 649 2279 1599 2367; baseline 0.006 -23"><span class='ocrx_word' id='word_1_98' title='bbox 649 2281 802 2367; x_wconf 78' lang='lat' dir='ltr'><strong>publica,</strong></span> <span class='ocrx_word' id='word_1_99' title='bbox 836 2291 1027 2353; x_wconf 86' lang='lat' dir='ltr'><strong>commeatu,</strong></span> <span class='ocrx_word' id='word_1_100' title='bbox 1063 2280 1169 2356; x_wconf 88' lang='lat' dir='ltr'><strong>armis,</strong></span> <span class='ocrx_word' id='word_1_101' title='bbox 1206 2279 1288 2355; x_wconf 90' lang='lat' dir='ltr'><strong>telis,</strong></span> <span class='ocrx_word' id='word_1_102' title='bbox 1321 2283 1469 2363; x_wconf 81' lang='lat' dir='ltr'><strong>pecunia,</strong></span> <span class='ocrx_word' id='word_1_103' title='bbox 1498 2306 1599 2367; x_wconf 87' lang='lat' dir='ltr'><strong>qnare</strong></span> 
     </span>
     <span class='ocr_line' id='line_1_16' title="bbox 650 2379 1601 2467; baseline 0.004 -21"><span class='ocrx_word' id='word_1_104' title='bbox 650 2383 714 2447; x_wconf 88' lang='lat' dir='ltr'><strong>alia</strong></span> <span class='ocrx_word' id='word_1_105' title='bbox 738 2403 770 2444; x_wconf 89' lang='lat' dir='ltr'><strong>re</strong></span> <span class='ocrx_word' id='word_1_106' title='bbox 793 2381 991 2466; x_wconf 88' lang='lat' dir='ltr'><strong>adjuvantur,</strong></span> <span class='ocrx_word' id='word_1_107' title='bbox 1013 2382 1063 2443; x_wconf 88' lang='lat' dir='ltr'><strong>vel</strong></span> <span class='ocrx_word' id='word_1_108' title='bbox 1086 2400 1129 2442; x_wconf 87' lang='lat' dir='ltr'><strong>ex</strong></span> <span class='ocrx_word' id='word_1_109' title='bbox 1154 2379 1264 2442; x_wconf 88' lang='lat' dir='ltr'><strong>amicis</strong></span> <span class='ocrx_word' id='word_1_110' title='bbox 1286 2379 1394 2444; x_wconf 90' lang='lat' dir='ltr'><strong>hostes</strong></span> <span class='ocrx_word' id='word_1_111' title='bbox 1415 2383 1601 2467; x_wconf 75' lang='lat' dir='ltr'><strong>reipublicae</strong></span> 
     </span>
     <span class='ocr_line' id='line_1_17' title="bbox 650 2480 1601 2572; baseline 0.003 -24"><span class='ocrx_word' id='word_1_112' title='bbox 650 2485 750 2548; x_wconf 87' lang='lat' dir='ltr'><strong>fiunt:</strong></span> <span class='ocrx_word' id='word_1_113' title='bbox 773 2483 904 2568; x_wconf 82' lang='lat' dir='ltr'><strong>cujusve</strong></span> <span class='ocrx_word' id='word_1_114' title='bbox 926 2503 1034 2565; x_wconf 87' lang='lat' dir='ltr'><strong>opera,</strong></span> <span class='ocrx_word' id='word_1_115' title='bbox 1057 2480 1172 2544; x_wconf 89' lang='lat' dir='ltr'><strong>dolove</strong></span> <span class='ocrx_word' id='word_1_116' title='bbox 1194 2480 1291 2557; x_wconf 90' lang='lat' dir='ltr'><strong>malo,</strong></span> <span class='ocrx_word' id='word_1_117' title='bbox 1305 2481 1426 2544; x_wconf 82' lang='lat' dir='ltr'><strong>sactum</strong></span> <span class='ocrx_word' id='word_1_118' title='bbox 1448 2481 1517 2562; x_wconf 86' lang='lat' dir='ltr'><strong>erit,</strong></span> <span class='ocrx_word' id='word_1_119' title='bbox 1537 2508 1601 2572; x_wconf 92' lang='lat' dir='ltr'><strong>quo</strong></span> 
     </span>
     <span class='ocr_line' id='line_1_18' title="bbox 652 2579 1602 2669; baseline 0.001 -20"><span class='ocrx_word' id='word_1_120' title='bbox 652 2587 754 2669; x_wconf 85' lang='lat' dir='ltr'><strong>magis</strong></span> <span class='ocrx_word' id='word_1_121' title='bbox 768 2583 898 2649; x_wconf 90' lang='lat' dir='ltr'><strong>obsides</strong></span> <span class='ocrx_word' id='word_1_122' title='bbox 913 2583 1051 2667; x_wconf 88' lang='lat' dir='ltr'><strong>pecunia</strong></span> <span class='ocrx_word' id='word_1_123' title='bbox 1066 2580 1182 2644; x_wconf 88' lang='lat' dir='ltr'><strong>dentur</strong></span> <span class='ocrx_word' id='word_1_124' title='bbox 1196 2579 1346 2645; x_wconf 85' lang='lat' dir='ltr'><strong>adversus</strong></span> <span class='ocrx_word' id='word_1_125' title='bbox 1360 2584 1602 2667; x_wconf 88' lang='lat' dir='ltr'><strong>rempublicam,</strong></span> 
     </span>
     <span class='ocr_line' id='line_1_19' title="bbox 652 2685 1603 2776; baseline 0.003 -23"><span class='ocrx_word' id='word_1_126' title='bbox 652 2712 716 2776; x_wconf 88' lang='lat' dir='ltr'><strong>quo</strong></span> <span class='ocrx_word' id='word_1_127' title='bbox 736 2691 842 2753; x_wconf 87' lang='lat' dir='ltr'><strong>minus</strong></span> <span class='ocrx_word' id='word_1_128' title='bbox 861 2688 956 2751; x_wconf 84' lang='lat' dir='ltr'><strong>etiarn</strong></span> <span class='ocrx_word' id='word_1_129' title='bbox 978 2707 1057 2769; x_wconf 90' lang='lat' dir='ltr'><strong>gens</strong></span> <span class='ocrx_word' id='word_1_130' title='bbox 1079 2694 1242 2749; x_wconf 77' lang='lat' dir='ltr'><strong>extranea</strong></span> <span class='ocrx_word' id='word_1_131' title='bbox 1260 2685 1399 2768; x_wconf 77' lang='lat' dir='ltr'><strong>regionis</strong></span> <span class='ocrx_word' id='word_1_132' title='bbox 1416 2688 1603 2773; x_wconf 71' lang='lat' dir='ltr'><strong>reipublicae</strong></span> 
     </span>
     <span class='ocr_line' id='line_1_20' title="bbox 652 2788 1602 2875; baseline 0.002 -20"><span class='ocrx_word' id='word_1_133' title='bbox 652 2794 860 2875; x_wconf 86' lang='lat' dir='ltr'><strong>obtemperet,</strong></span> <span class='ocrx_word' id='word_1_134' title='bbox 875 2788 995 2851; x_wconf 82' lang='lat' dir='ltr'><strong>fecerit.</strong></span> <span class='ocrx_word' id='word_1_135' title='bbox 1042 2790 1124 2852; x_wconf 86' lang='lat' dir='ltr'><strong>Item</strong></span> <span class='ocrx_word' id='word_1_136' title='bbox 1147 2788 1202 2872; x_wconf 93' lang='lat' dir='ltr'><strong>qui</strong></span> <span class='ocrx_word' id='word_1_137' title='bbox 1225 2789 1406 2854; x_wconf 86' lang='lat' dir='ltr'><strong>confessum</strong></span> <span class='ocrx_word' id='word_1_138' title='bbox 1429 2790 1462 2854; x_wconf 91' lang='lat' dir='ltr'><strong>in</strong></span> <span class='ocrx_word' id='word_1_139' title='bbox 1480 2792 1602 2874; x_wconf 88' lang='lat' dir='ltr'><strong>judicio</strong></span> 
     </span>
     <span class='ocr_line' id='line_1_21' title="bbox 652 2890 1603 2972; baseline 0.003 -18"><span class='ocrx_word' id='word_1_140' title='bbox 652 2913 751 2966; x_wconf 89' lang='lat' dir='ltr'><strong>reum,</strong></span> <span class='ocrx_word' id='word_1_141' title='bbox 766 2901 799 2954; x_wconf 92' lang='lat' dir='ltr'><strong>et</strong></span> <span class='ocrx_word' id='word_1_142' title='bbox 820 2899 949 2972; x_wconf 90' lang='lat' dir='ltr'><strong>propter</strong></span> <span class='ocrx_word' id='word_1_143' title='bbox 968 2890 1032 2953; x_wconf 90' lang='lat' dir='ltr'><strong>hoc</strong></span> <span class='ocrx_word' id='word_1_144' title='bbox 1050 2891 1084 2951; x_wconf 91' lang='lat' dir='ltr'><strong>in</strong></span> <span class='ocrx_word' id='word_1_145' title='bbox 1105 2890 1232 2954; x_wconf 88' lang='lat' dir='ltr'><strong>vincula</strong></span> <span class='ocrx_word' id='word_1_146' title='bbox 1247 2891 1439 2972; x_wconf 88' lang='lat' dir='ltr'><strong>conjectum,</strong></span> <span class='ocrx_word' id='word_1_147' title='bbox 1455 2895 1603 2971; x_wconf 85' lang='lat' dir='ltr'><strong>emiserit,</strong></span> 
     </span>
     <span class='ocr_line' id='line_1_22' title="bbox 654 2988 1604 3076; baseline 0.002 -20"><span class='ocrx_word' id='word_1_148' title='bbox 654 3003 685 3056; x_wconf 91' lang='lat' dir='ltr'><strong>et</strong></span> <span class='ocrx_word' id='word_1_149' title='bbox 699 2993 733 3054; x_wconf 91' lang='lat' dir='ltr'><strong>in</strong></span> <span class='ocrx_word' id='word_1_150' title='bbox 747 2992 834 3053; x_wconf 91' lang='lat' dir='ltr'><strong>hunc</strong></span> <span class='ocrx_word' id='word_1_151' title='bbox 850 2988 980 3049; x_wconf 90' lang='lat' dir='ltr'><strong>modum</strong></span> <span class='ocrx_word' id='word_1_152' title='bbox 996 2989 1144 3072; x_wconf 86' lang='lat' dir='ltr'><strong>plurima,</strong></span> <span class='ocrx_word' id='word_1_153' title='bbox 1159 3009 1232 3070; x_wconf 84' lang='lat' dir='ltr'><strong>quae</strong></span> <span class='ocrx_word' id='word_1_154' title='bbox 1251 2989 1396 3069; x_wconf 82' lang='lat' dir='ltr'><strong>longum,</strong></span> <span class='ocrx_word' id='word_1_155' title='bbox 1410 3001 1464 3055; x_wconf 87' lang='lat' dir='ltr'><strong>aut</strong></span> <span class='ocrx_word' id='word_1_156' title='bbox 1485 2992 1604 3076; x_wconf 91' lang='lat' dir='ltr'><strong>impos·</strong></span> 
     </span>
     <span class='ocr_line' id='line_1_23' title="bbox 655 3084 1605 3172; baseline 0 -15"><span class='ocrx_word' id='word_1_157' title='bbox 655 3093 748 3157; x_wconf 85' lang='lat' dir='ltr'><strong>sibile</strong></span> <span class='ocrx_word' id='word_1_158' title='bbox 773 3100 822 3153; x_wconf 89' lang='lat' dir='ltr'><strong>est</strong></span> <span class='ocrx_word' id='word_1_159' title='bbox 846 3107 1000 3151; x_wconf 74' lang='lat' dir='ltr'><strong>comare.</strong></span> <span class='ocrx_word' id='word_1_160' title='bbox 1045 3086 1112 3152; x_wconf 89' lang='lat' dir='ltr'><strong>Sed</strong></span> <span class='ocrx_word' id='word_1_161' title='bbox 1135 3084 1210 3172; x_wconf 90' lang='lat' dir='ltr'><strong>quia</strong></span> <span class='ocrx_word' id='word_1_162' title='bbox 1233 3087 1363 3152; x_wconf 82' lang='lat' dir='ltr'><strong>sormam</strong></span> <span class='ocrx_word' id='word_1_163' title='bbox 1386 3089 1549 3156; x_wconf 83' lang='lat' dir='ltr'><strong>fidelitatis</strong></span> <span class='ocrx_word' id='word_1_164' title='bbox 1569 3094 1605 3158; x_wconf 92' lang='lat' dir='ltr'><strong>in</strong></span> 
     </span>
     <span class='ocr_line' id='line_1_24' title="bbox 655 3190 1606 3280; baseline 0.002 -21"><span class='ocrx_word' id='word_1_165' title='bbox 655 3217 693 3259; x_wconf 89' lang='lat' dir='ltr'><strong>eo</strong></span> <span class='ocrx_word' id='word_1_166' title='bbox 709 3215 774 3280; x_wconf 84' lang='lat' dir='ltr'><strong>prae</strong></span> <span class='ocrx_word' id='word_1_167' title='bbox 789 3192 914 3257; x_wconf 75' lang='lat' dir='ltr'><strong>ceteris</strong></span> <span class='ocrx_word' id='word_1_168' title='bbox 929 3190 1045 3254; x_wconf 82' lang='lat' dir='ltr'><strong>servari</strong></span> <span class='ocrx_word' id='word_1_169' title='bbox 1064 3199 1201 3273; x_wconf 89' lang='lat' dir='ltr'><strong>oportet,</strong></span> <span class='ocrx_word' id='word_1_170' title='bbox 1214 3210 1318 3273; x_wconf 88' lang='lat' dir='ltr'><strong>pauca</strong></span> <span class='ocrx_word' id='word_1_171' title='bbox 1336 3202 1411 3256; x_wconf 88' lang='lat' dir='ltr'><strong>sunt</strong></span> <span class='ocrx_word' id='word_1_172' title='bbox 1431 3213 1473 3256; x_wconf 83' lang='lat' dir='ltr'><strong>ex</strong></span> <span class='ocrx_word' id='word_1_173' title='bbox 1489 3195 1606 3279; x_wconf 89' lang='lat' dir='ltr'><strong>quibus</strong></span> 
     </span>
     <span class='ocr_line' id='line_1_25' title="bbox 656 3290 1606 3384; baseline -0.012 -23"><span class='ocrx_word' id='word_1_174' title='bbox 656 3297 735 3384; x_wconf 91' lang='lat' dir='ltr'><strong>quid</strong></span> <span class='ocrx_word' id='word_1_175' title='bbox 757 3318 822 3360; x_wconf 91' lang='lat' dir='ltr'><strong>non</strong></span> <span class='ocrx_word' id='word_1_176' title='bbox 845 3295 951 3370; x_wconf 88' lang='lat' dir='ltr'><strong>liceat,</strong></span> <span class='ocrx_word' id='word_1_177' title='bbox 969 3290 1227 3357; x_wconf 87' lang='lat' dir='ltr'><strong>commodissime</strong></span> <span class='ocrx_word' id='word_1_178' title='bbox 1249 3293 1357 3375; x_wconf 88' lang='lat' dir='ltr'><strong>colligi</strong></span> <span class='ocrx_word' id='word_1_179' title='bbox 1378 3305 1494 3379; x_wconf 89' lang='lat' dir='ltr'><strong>potest.</strong></span> <span class='ocrx_word' id='word_1_180' title='bbox 1539 3300 1606 3363; x_wconf 93' lang='lat' dir='ltr'><strong>Ne.</strong></span> 
     </span>
     <span class='ocr_line' id='line_1_26' title="bbox 657 3394 1606 3480; baseline 0.003 -17"><span class='ocrx_word' id='word_1_181' title='bbox 657 3399 786 3463; x_wconf 89' lang='lat' dir='ltr'><strong>cessarii</strong></span> <span class='ocrx_word' id='word_1_182' title='bbox 808 3418 947 3480; x_wconf 89' lang='lat' dir='ltr'><strong>namque</strong></span> <span class='ocrx_word' id='word_1_183' title='bbox 978 3394 1184 3470; x_wconf 88' lang='lat' dir='ltr'><strong>contrarium,</strong></span> <span class='ocrx_word' id='word_1_184' title='bbox 1209 3395 1408 3476; x_wconf 87' lang='lat' dir='ltr'><strong>impossibile</strong></span> <span class='ocrx_word' id='word_1_185' title='bbox 1434 3413 1493 3478; x_wconf 91' lang='lat' dir='ltr'><strong>est,</strong></span> <span class='ocrx_word' id='word_1_186' title='bbox 1518 3414 1551 3466; x_wconf 90' lang='lat' dir='ltr'><strong>et</strong></span> <span class='ocrx_word' id='word_1_187' title='bbox 1576 3403 1606 3465; x_wconf 88' lang='lat' dir='ltr'><strong>ei</strong></span> 
     </span>
     <span class='ocr_line' id='line_1_27' title="bbox 657 3495 1608 3585; baseline 0.005 -24"><span class='ocrx_word' id='word_1_188' title='bbox 657 3498 745 3582; x_wconf 90' lang='lat' dir='ltr'><strong>quod</strong></span> <span class='ocrx_word' id='word_1_189' title='bbox 761 3507 886 3579; x_wconf 90' lang='lat' dir='ltr'><strong>oportet</strong></span> <span class='ocrx_word' id='word_1_190' title='bbox 906 3497 987 3570; x_wconf 87' lang='lat' dir='ltr'><strong>fieri,</strong></span> <span class='ocrx_word' id='word_1_191' title='bbox 1001 3497 1071 3557; x_wconf 88' lang='lat' dir='ltr'><strong>sola</strong></span> <span class='ocrx_word' id='word_1_192' title='bbox 1088 3495 1202 3557; x_wconf 90' lang='lat' dir='ltr'><strong>illicita</strong></span> <span class='ocrx_word' id='word_1_193' title='bbox 1217 3496 1447 3562; x_wconf 82' lang='lat' dir='ltr'><strong>contradicunt·</strong></span> <span class='ocrx_word' id='word_1_194' title='bbox 1490 3503 1608 3585; x_wconf 86' lang='lat' dir='ltr'><strong>Exigit</strong></span> 
     </span>
     <span class='ocr_line' id='line_1_28' title="bbox 659 3594 1607 3674; baseline 0.006 -13"><span class='ocrx_word' id='word_1_195' title='bbox 659 3609 764 3662; x_wconf 88' lang='lat' dir='ltr'><strong>autem</strong></span> <span class='ocrx_word' id='word_1_196' title='bbox 794 3596 957 3658; x_wconf 89' lang='lat' dir='ltr'><strong>fidelitatis</strong></span> <span class='ocrx_word' id='word_1_197' title='bbox 986 3594 1097 3667; x_wconf 89' lang='lat' dir='ltr'><strong>sorma,</strong></span> <span class='ocrx_word' id='word_1_198' title='bbox 1125 3613 1197 3674; x_wconf 76' lang='lat' dir='ltr'><strong>qua</strong></span> <span class='ocrx_word' id='word_1_199' title='bbox 1226 3598 1407 3658; x_wconf 89' lang='lat' dir='ltr'><strong>necessario</strong></span> <span class='ocrx_word' id='word_1_200' title='bbox 1431 3598 1507 3663; x_wconf 89' lang='lat' dir='ltr'><strong>fidei</strong></span> <span class='ocrx_word' id='word_1_201' title='bbox 1533 3616 1607 3667; x_wconf 90' lang='lat' dir='ltr'><strong>sunt</strong></span> 
     </span>
     <span class='ocr_line' id='line_1_29' title="bbox 658 3695 1608 3782; baseline 0.005 -19"><span class='ocrx_word' id='word_1_202' title='bbox 658 3701 786 3772; x_wconf 88' lang='lat' dir='ltr'><strong>inserta,</strong></span> <span class='ocrx_word' id='word_1_203' title='bbox 816 3696 988 3769; x_wconf 90' lang='lat' dir='ltr'><strong>incolume,</strong></span> <span class='ocrx_word' id='word_1_204' title='bbox 1016 3705 1130 3768; x_wconf 88' lang='lat' dir='ltr'><strong>tutum,</strong></span> <span class='ocrx_word' id='word_1_205' title='bbox 1167 3695 1348 3774; x_wconf 81' lang='lat' dir='ltr'><strong>honestum,</strong></span> <span class='ocrx_word' id='word_1_206' title='bbox 1384 3699 1470 3778; x_wconf 90' lang='lat' dir='ltr'><strong>utile,</strong></span> <span class='ocrx_word' id='word_1_207' title='bbox 1506 3702 1608 3782; x_wconf 88' lang='lat' dir='ltr'><strong>facile,</strong></span> 
     </span>
     <span class='ocr_line' id='line_1_30' title="bbox 658 3792 1609 3885; baseline 0.005 -22"><span class='ocrx_word' id='word_1_208' title='bbox 658 3799 821 3885; x_wconf 86' lang='lat' dir='ltr'><strong>possibile.</strong></span> <span class='ocrx_word' id='word_1_209' title='bbox 867 3796 918 3857; x_wconf 92' lang='lat' dir='ltr'><strong>Ne</strong></span> <span class='ocrx_word' id='word_1_210' title='bbox 942 3794 994 3857; x_wconf 92' lang='lat' dir='ltr'><strong>cui</strong></span> <span class='ocrx_word' id='word_1_211' title='bbox 1016 3792 1168 3858; x_wconf 85' lang='lat' dir='ltr'><strong>fidelitate</strong></span> <span class='ocrx_word' id='word_1_212' title='bbox 1194 3808 1339 3861; x_wconf 87' lang='lat' dir='ltr'><strong>tenemur</strong></span> <span class='ocrx_word' id='word_1_213' title='bbox 1362 3799 1492 3879; x_wconf 88' lang='lat' dir='ltr'><strong>astricti,</strong></span> <span class='ocrx_word' id='word_1_214' title='bbox 1517 3804 1609 3868; x_wconf 91' lang='lat' dir='ltr'><strong>inco·</strong></span> 
     </span>
     <span class='ocr_line' id='line_1_31' title="bbox 657 3895 1608 3987; baseline 0.003 -19"><span class='ocrx_word' id='word_1_215' title='bbox 657 3903 834 3968; x_wconf 85' lang='lat' dir='ltr'><strong>lumitatem</strong></span> <span class='ocrx_word' id='word_1_216' title='bbox 851 3895 1007 3962; x_wconf 78' lang='lat' dir='ltr'><strong>laedamus</strong></span> <span class='ocrx_word' id='word_1_217' title='bbox 1025 3897 1178 3980; x_wconf 88' lang='lat' dir='ltr'><strong>corporis,</strong></span> <span class='ocrx_word' id='word_1_218' title='bbox 1197 3908 1253 3962; x_wconf 91' lang='lat' dir='ltr'><strong>aut</strong></span> <span class='ocrx_word' id='word_1_219' title='bbox 1272 3901 1469 3967; x_wconf 87' lang='lat' dir='ltr'><strong>munitiones</strong></span> <span class='ocrx_word' id='word_1_220' title='bbox 1490 3905 1608 3987; x_wconf 89' lang='lat' dir='ltr'><strong>quibus</strong></span> 
     </span>
     <span class='ocr_line' id='line_1_32' title="bbox 657 3998 1610 4088; baseline 0 -17"><span class='ocrx_word' id='word_1_221' title='bbox 657 4016 744 4071; x_wconf 87' lang='lat' dir='ltr'><strong>tutus</strong></span> <span class='ocrx_word' id='word_1_222' title='bbox 770 4011 819 4066; x_wconf 90' lang='lat' dir='ltr'><strong>est</strong></span> <span class='ocrx_word' id='word_1_223' title='bbox 840 3998 1055 4073; x_wconf 89' lang='lat' dir='ltr'><strong>detrahamus,</strong></span> <span class='ocrx_word' id='word_1_224' title='bbox 1074 4010 1129 4062; x_wconf 91' lang='lat' dir='ltr'><strong>aut</strong></span> <span class='ocrx_word' id='word_1_225' title='bbox 1150 4020 1380 4082; x_wconf 82' lang='lat' dir='ltr'><strong>praesumamus</strong></span> <span class='ocrx_word' id='word_1_226' title='bbox 1402 4006 1610 4088; x_wconf 85' lang='lat' dir='ltr'><strong>committere,</strong></span> 
     </span>
     <span class='ocr_line' id='line_1_33' title="bbox 659 4099 1609 4190; baseline 0 -17"><span class='ocrx_word' id='word_1_227' title='bbox 659 4109 744 4173; x_wconf 87' lang='lat' dir='ltr'><strong>unde</strong></span> <span class='ocrx_word' id='word_1_228' title='bbox 757 4105 859 4169; x_wconf 92' lang='lat' dir='ltr'><strong>honor</strong></span> <span class='ocrx_word' id='word_1_229' title='bbox 874 4111 927 4165; x_wconf 87' lang='lat' dir='ltr'><strong>aut</strong></span> <span class='ocrx_word' id='word_1_230' title='bbox 940 4099 1026 4164; x_wconf 86' lang='lat' dir='ltr'><strong>illius</strong></span> <span class='ocrx_word' id='word_1_231' title='bbox 1042 4100 1161 4163; x_wconf 87' lang='lat' dir='ltr'><strong>utilitas</strong></span> <span class='ocrx_word' id='word_1_232' title='bbox 1184 4101 1357 4165; x_wconf 86' lang='lat' dir='ltr'><strong>minuatur:</strong></span> <span class='ocrx_word' id='word_1_233' title='bbox 1381 4104 1439 4168; x_wconf 87' lang='lat' dir='ltr'><strong>sed</strong></span> <span class='ocrx_word' id='word_1_234' title='bbox 1453 4128 1559 4190; x_wconf 89' lang='lat' dir='ltr'><strong>neque</strong></span> <span class='ocrx_word' id='word_1_235' title='bbox 1573 4109 1609 4173; x_wconf 91' lang='lat' dir='ltr'><strong>id</strong></span> 
     </span>
     <span class='ocr_line' id='line_1_34' title="bbox 659 4200 1608 4296; baseline 0.001 -21"><span class='ocrx_word' id='word_1_236' title='bbox 659 4209 745 4296; x_wconf 89' lang='lat' dir='ltr'><strong>quod</strong></span> <span class='ocrx_word' id='word_1_237' title='bbox 759 4207 852 4271; x_wconf 81' lang='lat' dir='ltr'><strong>facile</strong></span> <span class='ocrx_word' id='word_1_238' title='bbox 868 4212 927 4278; x_wconf 88' lang='lat' dir='ltr'><strong>est,</strong></span> <span class='ocrx_word' id='word_1_239' title='bbox 940 4200 1069 4265; x_wconf 89' lang='lat' dir='ltr'><strong>difficile</strong></span> <span class='ocrx_word' id='word_1_240' title='bbox 1084 4201 1154 4264; x_wconf 87' lang='lat' dir='ltr'><strong>fieri</strong></span> <span class='ocrx_word' id='word_1_241' title='bbox 1168 4202 1258 4279; x_wconf 91' lang='lat' dir='ltr'><strong>licet;</strong></span> <span class='ocrx_word' id='word_1_242' title='bbox 1281 4214 1337 4268; x_wconf 90' lang='lat' dir='ltr'><strong>aut</strong></span> <span class='ocrx_word' id='word_1_243' title='bbox 1352 4206 1438 4289; x_wconf 89' lang='lat' dir='ltr'><strong>quod</strong></span> <span class='ocrx_word' id='word_1_244' title='bbox 1454 4209 1608 4292; x_wconf 82' lang='lat' dir='ltr'><strong>possibile</strong></span> 
     </span>
     <span class='ocr_line' id='line_1_35' title="bbox 659 4302 1609 4392; baseline 0.001 -18"><span class='ocrx_word' id='word_1_245' title='bbox 659 4323 717 4388; x_wconf 86' lang='lat' dir='ltr'><strong>est,</strong></span> <span class='ocrx_word' id='word_1_246' title='bbox 745 4305 951 4392; x_wconf 90' lang='lat' dir='ltr'><strong>impossibile.</strong></span> <span class='ocrx_word' id='word_1_247' title='bbox 996 4302 1153 4366; x_wconf 81' lang='lat' dir='ltr'><strong>Proeterea</strong></span> <span class='ocrx_word' id='word_1_248' title='bbox 1183 4304 1237 4387; x_wconf 94' lang='lat' dir='ltr'><strong>qui</strong></span> <span class='ocrx_word' id='word_1_249' title='bbox 1265 4305 1457 4372; x_wconf 87' lang='lat' dir='ltr'><strong>beneficium</strong></span> <span class='ocrx_word' id='word_1_250' title='bbox 1488 4312 1529 4375; x_wconf 90' lang='lat' dir='ltr'><strong>ab</strong></span> <span class='ocrx_word' id='word_1_251' title='bbox 1559 4333 1609 4389; x_wconf 88' lang='lat' dir='ltr'><strong>eo,</strong></span> 
     </span>
     <span class='ocr_line' id='line_1_36' title="bbox 661 4403 1607 4492; baseline 0.002 -18"><span class='ocrx_word' id='word_1_252' title='bbox 661 4411 753 4492; x_wconf 88' lang='lat' dir='ltr'><strong>cujus</strong></span> <span class='ocrx_word' id='word_1_253' title='bbox 777 4407 883 4470; x_wconf 86' lang='lat' dir='ltr'><strong>fidelis</strong></span> <span class='ocrx_word' id='word_1_254' title='bbox 908 4415 967 4484; x_wconf 92' lang='lat' dir='ltr'><strong>est,</strong></span> <span class='ocrx_word' id='word_1_255' title='bbox 995 4403 1149 4487; x_wconf 89' lang='lat' dir='ltr'><strong>possidet,</strong></span> <span class='ocrx_word' id='word_1_256' title='bbox 1179 4404 1327 4485; x_wconf 89' lang='lat' dir='ltr'><strong>gerendis</strong></span> <span class='ocrx_word' id='word_1_257' title='bbox 1355 4407 1424 4492; x_wconf 89' lang='lat' dir='ltr'><strong>ejus</strong></span> <span class='ocrx_word' id='word_1_258' title='bbox 1453 4413 1607 4475; x_wconf 84' lang='lat' dir='ltr'><strong>auxilium</strong></span> 
     </span>
    </p>
   </div>
   <div class='ocr_carea' id='block_1_3' title="bbox 0 0 2072 5634">
    <p class='ocr_par' dir='ltr' id='par_1_3' title="bbox 0 0 2072 5634">
     <span class='ocr_line' id='line_1_37' title="bbox 0 0 2072 5634; baseline 0 0"><span class='ocrx_word' id='word_1_259' title='bbox 0 0 2072 5634; x_wconf 95' lang='lat' dir='ltr'><strong> </strong></span> 
     </span>
    </p>
   </div>
  </div>
 </body>
</html>
