4084 5634
473 846 544 894 can.
562 831 632 910 xa]
823 847 1078 893 eocrcnarrcus.
1360 830 1423 888 337

471 1019 573 1083 quum
601 1020 712 1062 manua
737 996 862 1061 seminar
885 997 1034 1081 dejecerit
1061 1018 1144 1059 eum.
1183 993 1315 1057 Vocavit
1344 1015 1421 1077 ergo

470 1101 587 1162 Abram
604 1121 705 1178 suam,
719 1112 750 1162 et
767 1098 959 1162 descendens
973 1098 1005 1161 in
1021 1098 1152 1161 domum
1170 1117 1269 1170 suam,
1286 1093 1418 1158 abstulit

468 1222 487 1261 a
502 1223 534 1262 se
549 1199 700 1274 cilicium,
715 1213 748 1263 et
770 1200 861 1262 exuit
883 1221 915 1261 se
930 1197 1074 1262 vestibus
1095 1196 1272 1275 viduitatis,
1287 1209 1317 1259 et
1341 1193 1419 1260 lavit

467 1323 582 1386 corpus
597 1323 702 1376 suum,
718 1313 750 1364 et
767 1300 859 1362 unxit
876 1322 909 1361 se
924 1299 1055 1384 myrrha
1068 1298 1201 1383 optima,
1217 1311 1247 1360 et
1264 1295 1420 1360 discrimi-

469 1401 557 1465 navit
579 1403 698 1464 crinem
720 1401 831 1485 capitis
858 1400 917 1476 sui,
940 1413 972 1462 et
998 1399 1150 1484 imposuit
1173 1398 1298 1461 mitram
1325 1419 1420 1483 super

466 1516 565 1587 caput
586 1524 692 1576 suum,
707 1514 739 1565 et
762 1501 868 1566 induit
892 1525 924 1564 se
947 1500 1088 1564 restibus
1106 1499 1321 1585 jucunditatis
1340 1522 1418 1577 suae,

467 1604 598 1685 cingens
613 1602 796 1666 sandalibus
811 1601 907 1687 pedes
923 1623 1007 1677 suos,
1025 1601 1238 1685 assumsitque
1253 1599 1420 1689 dextralia,

469 1718 501 1768 et
519 1704 594 1783 lilia,
608 1716 640 1766 et
656 1703 791 1783 inaures,
805 1717 838 1766 et
858 1701 999 1776 annulos,
1015 1715 1047 1765 et
1064 1701 1209 1766 omnibus
1230 1700 1422 1764 ornamentis

470 1806 536 1868 suis
550 1804 676 1868 ornavit
691 1828 733 1869 se.
765 1805 976 1888 Contulitque
993 1804 1021 1866 ei
1039 1803 1237 1888 splendorem
1252 1799 1421 1881 Dominus,

469 1905 618 1989 quoniam
634 1906 736 1967 omnis
747 1905 808 1969 ista
823 1904 1009 1990 compositio
1021 1927 1083 1967 non
1099 1929 1138 1967 ex
1156 1904 1298 1983 libidine,
1309 1903 1362 1966 sed
1380 1925 1419 1965 ex

468 2007 588 2071 virtute
618 2006 787 2092 pendebat.
834 2006 876 2070 Et
906 2006 979 2070 ideo
1010 2006 1166 2070 Dominus
1195 2006 1277 2069 hanc
1306 2005 1337 2068 in
1368 2003 1422 2066 illa

469 2108 740 2194 pulchritudinem
769 2109 946 2194 ampliavit,
975 2124 1010 2172 ut
1041 2107 1279 2192 incomparabili
1309 2108 1421 2170 decore

467 2210 569 2274 oculis
593 2213 734 2274 omnium
759 2222 935 2296 appareret.
976 2208 1059 2272 Illuc
1082 2229 1157 2290 ergo
1177 2208 1373 2292 perveniens,
1389 2220 1420 2270 et

469 2311 633 2395 publicum
660 2326 793 2396 captans
819 2312 955 2387 hostem,
979 2312 1065 2375 dixit
1090 2310 1205 2376 Judith
1233 2309 1419 2373 Holoferni:

469 2413 566 2476 Sume
578 2413 674 2476 verba
683 2412 805 2476 ancillae
815 2430 890 2487 tuae,
902 2411 1051 2495 quoniam
1064 2411 1089 2473 si
1099 2432 1135 2472 ea
1146 2424 1302 2493 sequutus
1313 2410 1421 2484 fueris,

469 2513 642 2597 perfectam
658 2534 725 2573 rem
741 2512 834 2574 faciet
852 2516 941 2575 Deus
957 2502 1072 2575 tecum.
1112 2511 1198 2573 Vivit
1212 2509 1294 2572 enim
1312 2509 1422 2573 Nabu-

470 2609 668 2673 chodonosor
684 2632 740 2673 rex
756 2622 860 2684 terrra,
876 2623 908 2673 et
929 2609 1008 2672 vivit
1024 2609 1127 2672 virtus
1146 2623 1213 2683 tua,
1229 2631 1304 2694 quae
1324 2609 1419 2672 estin

471 2725 502 2773 te
529 2713 570 2774 ad
595 2711 826 2795 correptionem
856 2713 997 2773 omnium
1029 2712 1205 2773 animarum
1236 2712 1422 2790 errantium,

471 2812 618 2897 quoniam
635 2834 696 2874 non
718 2811 819 2875 solum
842 2812 994 2886 homines,
1011 2811 1065 2874 sed
1087 2825 1117 2875 et
1134 2812 1245 2875 bestiae
1267 2812 1334 2895 agri
1357 2835 1421 2875 ser·

471 2913 564 2975 viunt
578 2912 622 2975 illi
641 2934 696 2996 per
712 2927 752 2985 te,
770 2925 801 2975 et
819 2912 1040 2997 obtemperant
1056 2913 1094 2977 ai.
1141 2913 1321 2976 Nunciatur
1337 2913 1420 2977 enim

470 3016 573 3077 virtus
597 3027 629 3076 ct
653 3014 810 3077 industria
836 3015 931 3077 animi
952 3015 1000 3077 tui
1026 3014 1180 3077 universis
1202 3015 1365 3098 gentibus,
1388 3029 1419 3080 et

469 3113 642 3177 indicatum
670 3129 718 3178 cst
744 3115 829 3178 omui
852 3114 969 3192 secul0,
993 3120 1066 3201 quia
1089 3117 1174 3180 solus
1199 3137 1312 3201 potens
1333 3141 1366 3180 es
1387 3131 1420 3183 et

470 3214 572 3276 bonus
587 3216 618 3277 in
634 3216 721 3277 omni
745 3238 842 3299 regno
861 3216 941 3298 ejus,
956 3230 986 3279 et
1009 3217 1176 3302 disciplina
1197 3229 1252 3281 tua
1274 3216 1422 3281 omnibus

470 3314 620 3394 gentibus
635 3316 838 3399 praedicatur.
876 3319 920 3379 Et
937 3317 1087 3399 adjiciens
1102 3319 1165 3381 ait:
1193 3318 1327 3380 Veniens
1342 3340 1421 3381 nuu-

470 3413 560 3476 ciabo
590 3414 647 3476 tibi
678 3417 794 3489 omnia,
822 3415 866 3479 ita
892 3429 927 3479 ut
958 3415 1114 3478 adducam
1147 3429 1177 3479 te
1204 3440 1260 3501 per
1286 3418 1420 3481 mediam

473 3514 685 3596 Hierusalem,
701 3531 733 3580 et
753 3515 884 3581 babebis
904 3540 1027 3581 omnem
1050 3517 1204 3602 populum
1228 3521 1325 3583 lsrael
1342 3519 1422 3584 sicut

471 3638 557 3692 oves,
573 3617 690 3701 quibus
704 3641 766 3680 non
783 3631 831 3682 est
851 3632 970 3703 pastor,
986 3633 1018 3684 et
1038 3642 1098 3683 non
1121 3620 1250 3685 latrabit
1267 3622 1315 3684 vel
1340 3644 1423 3686 unus

471 3718 556 3779 canis
581 3732 692 3783 contra
718 3731 761 3796 te,
786 3720 934 3804 quoniam
962 3721 1031 3784 haec
1055 3721 1131 3785 mihi
1158 3721 1342 3786 dictasunt
1367 3745 1424 3807 per

470 3817 701 3900 providentiam
715 3821 787 3883 Dei.
819 3820 904 3896 Quid
921 3844 1030 3905 quaeso
1042 3821 1223 3884 insidiosius
1239 3820 1423 3904 excogitari,

472 3917 549 3998 quid
566 3917 738 4002 captiosius
758 3919 821 3980 dici
836 3932 954 4003 potest,
971 3921 1029 3981 hac
1051 3920 1175 4003 mystici
1192 3920 1426 4004 dispensatione

471 4016 615 4080 consilii?
653 4018 746 4081 Dixit
782 4019 891 4101 itaque
923 4017 1131 4080 Holofernes:
1173 4022 1245 4080 Non
1275 4031 1323 4081 est
1354 4018 1425 4082 talis

474 4117 588 4181 mulier
607 4141 702 4203 super
726 4131 841 4181 terram
863 4118 893 4180 in
915 4131 1057 4202 aspectu,
1074 4131 1106 4182 et
1130 4117 1376 4202 pulchritudine,
1392 4134 1424 4184 et

475 4239 568 4279 sensu
585 4221 764 4283 verborum.
803 4221 868 4284 Cor
889 4219 970 4282 enim
993 4221 1061 4304 ejus
1083 4241 1269 4281 concussum
1293 4220 1426 4285 ardebat

479 4316 508 4377 in
546 4321 800 4405 concupiscentia
834 4322 912 4406 ejus.
957 4320 1114 4404 Dixitque
1153 4319 1232 4383 Bibe
1267 4342 1361 4401 nunc,
1395 4335 1428 4386 et

475 4417 624 4480 accumbe
648 4419 678 4483 in
701 4421 916 4504 jucunditate,
942 4422 1090 4505 quoniam
1120 4420 1267 4484 invenisti
1290 4423 1426 4506 gratiam

517 4536 586 4580 vua.
606 4538 648 4580 rv.
946 4541 962 4581 z
