4084 5634
551 795 615 854 210
786 807 923 852 rorusrs
938 806 1219 852 saassnnnrnusrs
1331 788 1413 868 [nin.
1430 806 1503 854 vrri.

589 958 647 1011 Nee
658 964 731 1010 aunt:
749 957 797 1010 bos
808 961 954 1010 consector:
972 955 1045 1008 hisce
1058 972 1108 1024 ego
1120 972 1171 1008 uon
1183 974 1245 1026 paro
1257 974 1299 1010 me
1309 962 1339 1010 nt
1349 957 1467 1010 rideant:

589 1043 642 1096 Sed
654 1042 696 1094 his
708 1041 776 1096 ultro
788 1042 897 1106 arrideo,
909 1048 936 1094 et
947 1059 1035 1094 eorum
1046 1043 1153 1110 ingenia
1165 1043 1278 1095 admiror
1289 1039 1376 1097 sim'ul.

589 1125 719 1195 Quicquid
731 1126 831 1189 dicunt,
843 1124 935 1190 laudo;
952 1125 979 1177 id
991 1143 1091 1178 rursum
1104 1127 1127 1178 si
1138 1135 1244 1194 negant,
1257 1127 1335 1180 laudo
1345 1128 1372 1180 id
1385 1147 1494 1199 quoque.

589 1212 681 1279 Negat
692 1213 758 1280 quis,
770 1229 853 1279 nego:
872 1213 919 1276 ait,
932 1213 989 1264 aio:
1009 1218 1140 1283 postremo
1151 1214 1275 1284 imperavi
1287 1221 1390 1283 egomet
1401 1217 1467 1268 mihi

589 1299 686 1350 Omnia
696 1299 833 1360 assentari,
845 1299 867 1349 is
879 1304 992 1365 questus
1003 1315 1072 1349 nunc
1084 1305 1124 1350 est
1135 1299 1217 1352 multo
1228 1300 1379 1353 uberrimus.

551 1386 718 1452 Talem-ne
734 1384 841 1450 vidisti
856 1384 996 1449 alicubi?
1021 1386 1094 1448 Imo
1108 1409 1165 1450 nec
1180 1386 1360 1475 quempiam
1372 1389 1502 1454 illorum

552 1484 609 1576 qui
639 1487 745 1552 felices
769 1510 835 1551 esse
858 1486 1019 1565 videntur,
1043 1489 1110 1552 sine
1135 1489 1318 1575 hujusmodi
1344 1494 1503 1578 mancipio

551 1594 721 1678 agnovisti,
734 1590 878 1674 adeoque
893 1589 1006 1654 scitum
1030 1590 1189 1656 bominem
1213 1592 1333 1679 ubique
1355 1595 1501 1680 reperies,

550 1698 606 1777 qui
620 1696 763 1758 homiues
776 1714 817 1755 eu
830 1694 947 1772 uultis,
964 1706 999 1756 ut
1015 1693 1061 1757 ait
1082 1696 1246 1770 Parmeno,
1261 1717 1394 1778 prorsus
1413 1698 1501 1760 inso-

549 1799 727 1880 nossaer'et.
773 1793 856 1859 Vide
869 1806 901 1859 et
916 1793 996 1879 quid
1011 1794 1053 1858 de
1068 1817 1100 1858 se
1115 1797 1229 1861 sentiat
1246 1799 1381 1861 Thraso.

1052 1895 1137 1959 lstud,
1149 1898 1241 1965 inquit,
1253 1883 1396 1952 e's'l'dftr's‘m

587 1981 717 2046 Profecto,
729 1987 759 2034 ut
770 1987 847 2050 grata
858 1981 922 2032 mihi
936 1982 990 2034 sint
1001 1997 1060 2050 quae
1072 1981 1139 2035 facio
1150 1985 1254 2036 omnia:

937 2066 990 2119 Vel
1002 2085 1051 2119 rex
1064 2084 1165 2138 semper
1176 2071 1305 2122 maximas

586 2153 654 2204 Mihi
666 2153 762 2219 agebat
773 2153 882 2219 gratias,
894 2153 1015 2220 quicquid
1026 2151 1148 2205 feceram.
1184 2154 1254 2207 Aliis
1265 2172 1315 2207 non
1328 2157 1400 2210 item.

586 2239 633 2290 Me
645 2255 745 2310 semper
755 2237 870 2289 habebat
881 2239 908 2288 in
920 2236 1010 2301 oeulis,
1023 2255 1126 2290 omnem
1137 2239 1259 2292 credebat
1271 2244 1424 2305 exercitum,

585 2323 710 2388 Consilia,
722 2330 748 2376 et
760 2323 804 2375 ubi
817 2341 877 2375 eum
889 2324 998 2376 satietas

585 2410 737 2475 Hominum,
749 2417 794 2463 aut
805 2410 907 2477 negotii
917 2411 940 2462 si
952 2409 1057 2479 qnando
1068 2409 1155 2463 odium
1168 2418 1280 2483 ceperat,

795 2496 971 2565 Requiescere
982 2497 1028 2549 ubi
1040 2494 1155 2549 volebat.

585 2581 640 2634 Ubi
650 2581 722 2634 illam
734 2589 860 2652 expuerat
869 2582 999 2633 miseriam
1007 2598 1042 2633 ex
1051 2581 1147 2642 animo,

582 2667 652 2720 Tum
664 2686 705 2720 me
717 2668 849 2720 convivam
860 2667 944 2719 solum
957 2666 1102 2719 abducebat
1113 2666 1171 2719 sibi.

792 2752 913 2806 Invidere
924 2771 1014 2805 omnes
1026 2752 1090 2805 mibi
1102 2772 1108 2804 :

584 2837 705 2891 Mordere
717 2837 870 2903 clanculum,
882 2855 932 2906 ego
944 2838 1149 2909 floccipendere.

583 2924 626 2977 llli
636 2924 752 2976 inridere
765 2925 867 2977 misere.

545 3015 619 3096 Ego
648 3012 727 3076 alios
756 3012 860 3097 palam
893 3010 1175 3096 reprehendebam,
1200 3012 1278 3077 alios
1307 3015 1496 3081 mordaciter

543 3113 725 3193 irridebam,
739 3126 776 3178 ut

789 3215 842 3266 risu
853 3219 1029 3267 emorerentur
1040 3215 1185 3284 omnesqui
1197 3214 1313 3269 aderam.

616 3301 738 3370 Denique
750 3299 904 3353 metuebant
914 3316 1003 3353 omnes
1011 3299 1068 3370 jun
1080 3317 1132 3354 me.

545 3388 693 3452 Proiecto
715 3411 850 3473 magnus
881 3387 932 3451 lrie
954 3400 1000 3451 est
1024 3387 1054 3450 in
1078 3386 1178 3452 oculis
1200 3389 1277 3466 suis,
1300 3402 1331 3454 et
1355 3414 1415 3456 non
1446 3409 1493 3458 est

543 3490 573 3550 ei
589 3489 700 3551 similis
720 3489 751 3549 in
768 3501 836 3551 tota
858 3489 1034 3552 Comoedia.
1080 3489 1208 3573 Dignus
1223 3502 1270 3553 est
1285 3512 1362 3576 ergo
1376 3493 1432 3577 qui
1448 3493 1495 3556 in·

543 3587 741 3650 tromittatur
762 3587 803 3649 ad
820 3566 1140 3662 Tlffiderss'e‘xcluso
1154 3588 1314 3665 Plraedria,
1337 3591 1440 3675 quiin
1457 3616 1495 3658 ea

542 3708 603 3750 non
622 3690 726 3749 minus
748 3684 876 3747 insanit.
922 3686 1018 3749 Dolet
1039 3685 1197 3761 exclusus,
1214 3710 1233 3750 a
1249 3711 1339 3752 servo
1361 3691 1494 3759 docetur

540 3788 656 3861 sobrio,
680 3800 715 3851 ut
739 3787 864 3849 recedat
887 3807 906 3849 a
928 3784 1106 3859 meretrice,
1137 3785 1285 3873 bonoque
1315 3790 1356 3855 sit
1377 3794 1494 3872 animo,

539 3889 616 3979 quia
638 3889 663 3953 si
686 3888 726 3952 ad
750 3887 855 3971 ignem
879 3887 1057 3962 accesserit,
1080 3891 1213 3953 calescet
1237 3893 1310 3975 plus
1327 3896 1413 3974 satis,
1435 3918 1492 3961 nec

538 3994 681 4082 patiatur
700 3989 909 4056 contumelias
931 3991 1147 4065 meretricum,
1168 4012 1242 4087 quae
1266 4015 1329 4057 una
1352 3996 1422 4061 salsi
1450 3999 1493 4063 la-

540 4094 707 4174 chrimula‚
721 4115 816 4180 quam
833 4092 942 4156 oculos
957 4093 1069 4156 misere
1092 4092 1232 4167 terendo,
1249 4095 1302 4158 vix
1320 4096 1349 4159 vi
1365 4122 1493 4184 expres.

538 4200 648 4277 serint,
663 4197 855 4280 restringent
869 4193 1005 4257 amantis
1021 4195 1129 4272 bilem,
1149 4208 1181 4259 et
1203 4195 1286 4261 ultro
1308 4217 1491 4268 accusantes

536 4299 569 4364 id
594 4313 699 4381 agent,
717 4310 753 4361 ut
777 4295 957 4360 ultroneum
982 4293 1172 4380 supplicium
1197 4311 1358 4381 praestent.
1407 4303 1489 4368 Nam

535 4400 694 4485 sapienter·
716 4421 820 4462 amare
843 4419 935 4460 nemo
956 4395 1082 4460 facilius
1104 4409 1220 4483 potest,
1244 4423 1339 4484 quam
1367 4405 1489 4469 ratione
