4084 5634
570 877 621 921 aa.
639 858 684 938 v.]
923 874 1183 920 eonrcnarrcus.
1448 862 1511 920 217

548 1041 625 1101 tate,
641 1026 720 1091 alter
734 1027 765 1090 in
780 1027 970 1089 necessitate
988 1025 1148 1100 consistit,
1163 1034 1195 1086 et
1210 1034 1333 1108 quanto
1347 1025 1513 1106 appetitus

543 1130 626 1215 justi
638 1129 695 1215 qui
710 1129 923 1194 involuntate
938 1143 996 1203 est,
1007 1126 1148 1212 amplius
1158 1125 1284 1199 crescit,
1297 1137 1388 1188 tanto
1399 1123 1512 1188 melior

547 1247 606 1306 est,
622 1245 654 1295 et
669 1231 788 1315 dignus
802 1230 950 1316 ampliori
971 1229 1180 1294 beatitudine.
1219 1226 1302 1289 Nam
1319 1225 1415 1288 nimis
1431 1226 1512 1290 velle

548 1334 634 1417 quod
647 1335 773 1420 justum
799 1347 860 1406 est,
877 1355 970 1395 nemo
992 1343 1111 1415 potest,
1128 1329 1186 1392 nisi
1210 1330 1296 1393 sorte
1315 1330 1390 1412 quis
1413 1343 1510 1412 queat

547 1460 614 1500 esse
633 1438 744 1521 justus
766 1435 912 1508 nimium,
935 1445 992 1497 aut
1014 1434 1137 1497 beatus.
1176 1435 1277 1495 Porro
1300 1430 1326 1491 si
1345 1427 1511 1512 appetitus

546 1537 704 1600 commodi
731 1558 913 1599 mensuram
947 1533 1141 1598 necessitatis
1166 1531 1312 1606 excedat,
1340 1529 1443 1612 vergit
1467 1533 1509 1597 nd

546 1637 687 1722 culpam,
714 1650 745 1699 et
772 1635 962 1721 cupiditatis
985 1634 1142 1706 conscius,
1163 1631 1224 1697 sibi
1248 1631 1399 1694 vitiorum
1424 1631 1508 1712 parit

546 1742 714 1822 originem.
754 1735 848 1800 Alter
868 1759 946 1820 ergo
968 1736 1113 1811 istorum,
1129 1733 1278 1820 qnoniam
1298 1729 1414 1794 militat
1430 1735 1510 1796 cari.

547 1841 620 1914 tati,
636 1839 755 1924 quoerit
773 1860 846 1923 quae
862 1837 923 1901 Dei
944 1851 1039 1902 sunt:
1065 1835 1145 1900 alter
1160 1836 1191 1898 iu
1213 1834 1343 1920 propria
1365 1830 1507 1901 utilitate

548 1955 705 2019 versatur,
721 1953 914 2025 postponens
928 1962 1003 2025 quae
1021 1937 1081 2002 Dei
1098 1951 1183 2017 sunt,
1199 1950 1255 2000 aut
1272 1934 1506 2021 proximorum.

548 2040 598 2105 ab
616 2041 674 2105 hoc
689 2040 809 2126 duplici
826 2041 914 2105 fonte
932 2063 1035 2105 mores
1049 2040 1207 2106 oriuntur.
1248 2037 1343 2103 Recti
1360 2037 1504 2123 quidem,

547 2143 572 2206 si
588 2141 683 2205 faciat
698 2141 769 2226 quis
790 2141 852 2216 alii,
869 2141 956 2226 quod
973 2141 1032 2205 sibi
1057 2140 1126 2206 vult
1142 2143 1221 2219 lieri,
1237 2157 1271 2206 et
1294 2141 1336 2204 ab
1351 2163 1390 2202 eo
1404 2139 1503 2207 absti-

546 2254 618 2306 neat
637 2242 689 2306 alii
713 2242 891 2319 inferendo,
907 2243 994 2328 quod
1018 2241 1079 2307 sibi
1102 2244 1198 2310 nollet
1220 2245 1262 2309 ab
1276 2243 1342 2308 alio
1358 2242 1501 2327 irrogari,

546 2344 681 2410 Distorti
691 2366 778 2420 vero,
791 2345 816 2408 si
826 2346 900 2430 quis
911 2345 1008 2408 alium
1020 2341 1126 2420 ledat,
1137 2347 1185 2410 vel
1199 2369 1261 2410 non
1272 2343 1386 2431 prosit,
1398 2366 1500 2428 quum

543 2447 653 2534 possit,
668 2470 741 2532 quae
763 2446 892 2531 quidem
916 2446 1079 2528 utrimque
1102 2448 1319 2534 multipliciter
1342 2446 1434 2510 liunt.
1473 2459 1499 2516 A

543 2550 648 2634 priore
664 2547 794 2634 quidem
807 2570 895 2610 amor
911 2547 1076 2629 libertatis,
1087 2571 1176 2612 amor
1186 2551 1311 2635 patriae,
1323 2561 1356 2610 et
1372 2548 1499 2617 taudem

543 2666 767 2715 extraneorum
784 2670 882 2711 amor.
920 2653 1003 2713 Nam
1026 2648 1202 2714 libertatem
1223 2672 1284 2714 non
1306 2671 1414 2711 amare
1435 2673 1498 2718 non

545 2764 660 2838 potest,
681 2751 735 2836 qui
760 2774 792 2814 se
809 2753 913 2836 ipsum
938 2766 969 2815 et
992 2753 1126 2836 patriam
1150 2768 1252 2818 amat:
1284 2765 1317 2817 et
1340 2752 1372 2814 in
1395 2755 1497 2836 gradu

543 2878 602 2919 suo
631 2867 831 2932 extraneum,
861 2852 1045 2938 quicunque
1078 2856 1196 2920 sincera
1226 2857 1359 2921 caritate
1391 2853 1496 2941 diligit

541 2959 737 3041 proximum.
770 2955 933 3042 Siquidem
950 2959 981 3019 in
998 2979 1036 3019 eo
1051 2958 1194 3023 consistit
1208 2959 1323 3023 caritas
1338 2958 1495 3028 ordinata.

542 3058 592 3123 Ab
618 3063 719 3122 altero
745 3081 819 3121 vero
848 3058 1006 3144 cupiditas
1032 3061 1254 3125 dominationis
1281 3060 1437 3146 procedit,
1462 3079 1493 3129 et

541 3160 644 3224 laudis
669 3174 700 3224 et
725 3160 846 3244 gloriae,
869 3175 901 3225 et
924 3162 1004 3226 adeo
1027 3162 1199 3240 invalescit,
1224 3179 1259 3229 ut
1282 3188 1321 3228 ex
1345 3164 1494 3250 opinione

542 3261 728 3335 multorum,
749 3283 799 3324 res
821 3275 926 3326 tamen
950 3285 1059 3346 parum
1081 3264 1289 3329 consideratae
1309 3266 1492 3332 examinan-

542 3359 622 3425 tium
647 3361 821 3425 virtutibus
837 3375 1090 3425 connumeretur.
1128 3363 1210 3427 Nam
1231 3365 1287 3451 qui
1308 3378 1428 3431 rectum
1446 3391 1493 3432 aa·

541 3462 645 3548 piunt,
659 3463 718 3526 hoc
734 3462 820 3527 vitiis
836 3462 1012 3548 majoribus
1023 3478 1209 3548 aggregant,
1223 3465 1293 3530 licet
1309 3469 1350 3532 ab
1367 3469 1492 3555 imperi.

541 3564 593 3640 tis,
609 3563 663 3648 qui
687 3576 790 3626 tamen
813 3567 993 3649 sapientum
1015 3577 1181 3628 censentur
1204 3566 1339 3643 nomine,
1357 3569 1491 3636 virtutes

539 3665 666 3729 subesse
682 3663 859 3729 videantur.
894 3664 986 3730 Unde
997 3681 1027 3729 et
1042 3681 1161 3730 veteres
1173 3668 1331 3757 primique
1343 3674 1492 3754 Romani,

538 3779 634 3851 prout
645 3788 754 3830 eorum
767 3766 859 3831 docet
871 3779 903 3831 et
915 3767 1113 3832 commendat
1127 3770 1266 3846 historia,
1278 3772 1382 3838 laudis
1392 3773 1490 3851 avidi,

538 3869 680 3954 pecuniae
703 3867 847 3932 liberales
868 3882 968 3932 erant.
1016 3870 1181 3953 Ingentem
1205 3870 1337 3954 gloriam
1359 3889 1490 3960 appete·

537 3972 616 4035 bant
638 3970 757 4034 divitiis
779 3971 903 4055 spretis,
920 3983 951 4034 et
975 3972 1169 4034 honestatem
1193 3973 1324 4039 utilitati
1346 3989 1490 4060 quantar-

538 4072 614 4137 libet
625 4071 849 4158 praeferebant.
878 4075 971 4135 Hanc
984 4072 1113 4157 quidem
1126 4071 1258 4155 gloriam
1270 4075 1489 4140 ardentissime

538 4174 730 4249 dilexerunt,
757 4197 795 4236 eo
825 4186 923 4237 totam
954 4173 1125 4237 relerentes
1155 4173 1250 4236 vitam
1282 4189 1313 4239 et
1346 4189 1488 4243 mortem.

539 4277 680 4339 Caeteras
704 4274 897 4360 cupiditates
922 4275 1019 4360 hujus
1047 4275 1142 4337 unius
1165 4275 1290 4358 vigente
1312 4277 1489 4363 cupiditate

538 4386 732 4454 presserunt.
773 4376 879 4459 Ipsam
902 4373 1042 4459 denique
1059 4375 1194 4459 patriam
1216 4396 1315 4450 suam,
1337 4379 1485 4463 quoniam

538 4471 653 4534 servire
684 4473 852 4540 videbatur
881 4475 1062 4559 inglorium,
1092 4476 1246 4540 dominari
1283 4503 1355 4543 vero
1389 4496 1487 4568 atque
