4084 5634
1161 329 1394 471 lima

537 847 608 892 cre.
623 829 729 909 narn]
900 849 1152 894 noarcnnrtcus.
1430 840 1490 899 187

533 997 784 1082 jocundissimus
798 1011 856 1078 eat,
874 999 1030 1086 Apostolo
1046 1011 1191 1075 testante,
1207 1011 1240 1064 et
1261 1001 1316 1086 qui
1339 1003 1490 1088 operibus

538 1103 640 1163 earnis
662 1100 731 1163 haec
752 1121 849 1185 opera
871 1099 1011 1186 spiritus,
1035 1122 1110 1186 quae
1131 1100 1172 1163 ad
1200 1100 1296 1164 vitam
1320 1103 1490 1189 proliciunt

537 1200 699 1265 evidenter
718 1203 867 1288 opponit3
890 1224 964 1284 quae
985 1215 1070 1277 sunt,
1091 1202 1218 1277 caritas,
1234 1224 1309 1288 pax,
1325 1203 1490 1289 patientia,

539 1298 770 1385 longanimitas
794 1300 930 1376 bonitas,
953 1302 1121 1385 gaudium,
1144 1303 1366 1383 mansuetudo,
1393 1306 1492 1372 conti-

540 1402 655 1480 nentia,
673 1402 812 1466 castitas.
859 1402 922 1474 Qui
945 1425 1020 1485 ergo
1041 1403 1098 1467 lros
1114 1404 1241 1466 virtutis
1257 1427 1392 1470 ramosa
1409 1421 1492 1473 terra

538 1504 643 1568 cordis
657 1506 705 1570 sui
721 1504 900 1584 succidunt,
915 1518 947 1568 et
963 1504 1100 1568 radicem
1122 1505 1272 1578 caritatis,
1290 1507 1329 1571 de
1350 1528 1416 1592 qua
1430 1513 1491 1574 ori-

542 1620 651 1686 untur,
681 1605 905 1677 exterminant,
937 1628 1073 1691 quanam
1107 1607 1158 1669 via
1189 1605 1230 1668 ad
1260 1607 1490 1676 beatitudinem

540 1711 703 1792 pergunt?
750 1703 848 1770 Plane
878 1705 955 1768 nihil
986 1721 1045 1783 est,
1077 1706 1163 1792 quod
1195 1706 1295 1792 magis
1328 1711 1491 1778 caritatem

542 1808 720 1893 impugnet,
743 1828 839 1891 quam
865 1828 1017 1870 venenum
1043 1807 1179 1872 invidiae.
1225 1810 1286 1873 Est
1311 1825 1418 1876 autem
1445 1815 1492 1878 in-

541 1909 639 1984 vidia,
662 1925 698 1973 ut
723 1907 921 1994 pbilosophis
947 1908 1079 1994 placuit,
1102 1910 1239 1978 tristitia
1266 1934 1306 1976 ex
1326 1919 1492 2000 apparenti

541 2010 752 2094 prosperitate
779 2009 914 2095 alicujus
939 2010 1077 2075 initium.
1124 2013 1157 2075 Si
1183 2014 1265 2077 eninr
1290 2013 1331 2078 de
1365 2020 1491 2104 tyranni

541 2111 591 2171 vel
601 2107 738 2193 perversi
749 2107 837 2183 ciris,
849 2108 1014 2194 apparenti
1027 2110 1099 2195 quis
1114 2113 1323 2197 prosperitate
1335 2115 1491 2197 tristatur,

540 2208 1083 2295 nequaquamdeturbaturinvidiae
1095 2213 1226 2277 macula.
1266 2219 1350 2282 Nam
1361 2219 1493 2286 ethonis

540 2310 698 2396 displicet,
714 2334 814 2398 quum
831 2313 862 2376 in
879 2310 1047 2398 perniciem
1065 2314 1237 2379 multorum
1256 2320 1337 2382 bene
1352 2323 1493 2388 succedit

541 2412 602 2489 hia,
617 2413 674 2497 qui
689 2414 730 2477 ad
752 2414 835 2477 mala
856 2415 1032 2478 creduntur
1051 2417 1222 2500 proniores.
1268 2419 1302 2484 Si
1322 2440 1399 2506 ergo
1414 2423 1494 2488 livor

543 2514 634 2577 bonis
656 2514 809 2599 affligitur
834 2515 957 2589 alienis,
980 2516 1109 2601 planum
1135 2531 1183 2581 est
1208 2519 1294 2603 quod
1318 2543 1337 2582 a
1362 2524 1494 2590 caritate

541 2615 712 2700 plurimum
729 2617 839 2691 distat,
855 2638 928 2702 quas
943 2636 1001 2679 sua
1016 2638 1078 2679 non
1090 2619 1217 2702 quaerit,
1233 2616 1286 2682 sed
1299 2644 1373 2706 quae
1385 2627 1492 2710 proxi·

540 2737 676 2780 morum.
711 2714 835 2781 Caritas
850 2715 881 2778 in
897 2715 988 2780 bonis
1002 2714 1080 2779 nibil
1097 2739 1202 2793 suum,
1214 2718 1246 2781 in
1259 2722 1349 2784 malis
1366 2739 1493 2808 reputat

541 2815 618 2878 nihil
645 2815 801 2880 alienum:
835 2817 925 2880 malis
955 2820 1149 2903 compatitur
1177 2818 1297 2897 alienis,
1324 2823 1406 2887 bona
1436 2849 1494 2893 sua

541 2917 693 2983 diffundit
710 2918 741 2981 in
758 2918 929 3005 proximos.
976 2923 1059 2983 Nam
1076 2932 1107 2982 et
1122 2919 1244 2985 animoa
1259 2922 1340 2999 unit,
1357 2938 1395 2990 ut
1409 2926 1491 2992 idem

541 3018 650 3094 uelint,
676 3018 824 3105 idemque
849 3017 963 3083 nolint.
1007 3018 1063 3084 Ait
1094 3041 1226 3104 magnus
1251 3036 1343 3107 pater
1366 3030 1495 3112 Augus·

543 3122 646 3187 tinus:
691 3121 783 3186 Tolle
807 3119 978 3184 invidiam:
1013 3140 1118 3183 meum
1143 3135 1236 3185 tuum
1262 3137 1320 3203 est,
1342 3140 1374 3190 et
1401 3140 1492 3194 tuum

542 3243 659 3285 meum.
697 3223 742 3286 Et
763 3224 845 3286 forte
867 3243 928 3284 non
951 3221 1012 3286 erit
1034 3220 1155 3307 aliquid
1178 3245 1295 3301 meum,
1319 3227 1368 3290 vel
1391 3238 1495 3311 tuum,

543 3322 597 3386 sed
619 3323 727 3386 omnia
748 3336 856 3386 nostra
877 3334 981 3386 erunt.
1021 3323 1098 3407 Ipsa
1119 3322 1202 3387 enim
1226 3339 1274 3390 est
1298 3349 1382 3413 quae,
1405 3334 1493 3415 quod

539 3423 600 3488 sibi
623 3423 693 3488 vult
714 3423 833 3497 abesse,
848 3421 933 3487 idern
950 3424 1096 3508 proximo
1111 3423 1218 3488 abesse
1233 3425 1401 3504 desiderat,
1418 3435 1492 3499 etsi

540 3547 602 3588 non
618 3525 711 3606 absit,
726 3524 894 3590 infeliciter
904 3523 1076 3602 cruciatur,
1088 3541 1118 3590 et
1134 3549 1219 3613 aaepe
1235 3531 1266 3592 in
1278 3551 1317 3593 eo
1332 3534 1419 3618 quod
1431 3558 1494 3604 uon

542 3629 711 3709 desiderat,
726 3629 802 3694 dum
821 3629 899 3693 illud
917 3629 1064 3715 proximo
1079 3630 1167 3695 videt
1183 3633 1302 3712 abesse,
1315 3648 1494 3724 torquetur.

543 3733 643 3797 Recte
658 3733 797 3818 quidem,
813 3753 914 3819 quum
930 3733 1230 3833 “Qia‘llffli’
1245 3738 1323 3822 quia

645 3901 746 3954 lustina
758 3901 855 3953 insidia
867 3900 932 3953 nihil
944 3907 992 3964 est,
1005 3918 1064 3969 quae
1075 3904 1192 3972 protinus
1204 3903 1287 3974 ipsum

680 3986 819 4038 Auctorem
831 3985 907 4050 rodit,
919 3988 1069 4038 excrucians
1081 3985 1204 4038 animum.

544 4136 611 4202 Nee
642 4137 709 4200 leve
739 4149 933 4201 tormentum
966 4137 1087 4211 credas,
1116 4160 1181 4222 quo
1213 4137 1344 4209 nullum,
1368 4145 1495 4223 gravius

542 4251 716 4324 potuerunt
733 4237 865 4302 “Siculi
882 4238 1064 4323 excogitare
1075 4240 1229 4322 tyranni.'‘
1268 4242 1390 4304 Pestem
1404 4244 1495 4327 hanc,

541 4338 616 4403 licet
637 4339 754 4424 poetici
776 4339 862 4401 nube
882 4338 1036 4424 figmenti,
1057 4341 1143 4403 Naso
1164 4338 1310 4423 depinxit
1333 4341 1495 4430 eleganter

541 4441 672 4528 quidem
688 4454 719 4506 et
737 4465 827 4505 vere:
