4084 5634
542 813 615 858 car.
631 793 680 878 ic]
874 807 1126 854 rotrcnarrcus.
1435 791 1494 850 119

542 963 787 1040 faciuut,minus
797 975 899 1027 tamen
907 958 1087 1024 conducunt
1096 956 1178 1020 sanis
1188 968 1219 1020 et
1229 954 1388 1018 sanativis.
1408 958 1491 1019 Nam

545 1063 613 1129 haec
632 1066 699 1149 ipsa
721 1085 782 1126 non
804 1061 883 1124 adeo
903 1073 1048 1123 naturam
1067 1055 1284 1121 corroborant:
1311 1052 1495 1118 delicatiora

545 1165 698 1251 siquidem
711 1165 817 1229 minus
827 1162 984 1238 nutriunt,
994 1156 1293 1245 magis-communia,
1302 1170 1332 1219 et
1343 1155 1495 1235 alimenti,

543 1279 579 1330 ut
594 1267 638 1329 ita
653 1265 799 1344 dixerim,
815 1263 1002 1348 pinguioris.
1049 1261 1100 1324 Sic
1122 1259 1199 1322 etin
1217 1257 1304 1321 libris
1328 1271 1402 1320 sunt
1418 1278 1490 1343 quae

543 1367 689 1431 omnibus
708 1379 854 1452 prosunt,
869 1364 945 1427 dum
968 1377 1073 1427 tamen
1090 1366 1237 1446 legantur
1257 1360 1410 1424 modestia
1429 1359 1492 1422 dis-

543 1483 705 1554 pensante,
729 1481 763 1532 ut
787 1490 861 1554 quae
885 1465 964 1529 nihil
987 1463 1148 1527 continent
1172 1463 1230 1525 nisi
1256 1461 1494 1527 aedificationem

544 1570 617 1634 fidei
632 1584 664 1635 et
681 1591 816 1648 morum.
847 1570 930 1633 Sunt
945 1588 1016 1651 quae
1030 1564 1231 1628 solidioribus
1246 1563 1357 1627 animis
1369 1562 1494 1644 faciant,

545 1671 690 1736 habenda
704 1670 836 1756 quidem
857 1666 969 1755 procul
989 1689 1009 1729 a
1027 1666 1164 1729 lectione
1184 1665 1393 1751 simplicium
1422 1681 1496 1734 sunt

544 1796 618 1858 quae
640 1787 754 1837 natura
779 1773 869 1835 bonae
886 1769 1000 1840 mentis
1018 1767 1147 1832 omniuo
1168 1767 1290 1853 ejiciat:
1325 1783 1399 1833 sunt
1422 1792 1495 1856 quae

544 1875 670 1959 digerat
691 1875 725 1938 io
749 1895 843 1937 usum
864 1893 998 1949 morum,
1013 1883 1070 1936 aut
1086 1869 1294 1955 eloquentiae:
1326 1886 1400 1935 sunt
1423 1896 1495 1959 quae

545 1975 695 2041 indurent
718 1976 865 2048 animam,
881 1985 912 2035 et
935 1970 966 2034 in
982 1970 1045 2034 lide
1067 1985 1099 2035 et
1116 1969 1205 2034 bonis
1225 1971 1376 2055 operibus
1398 1971 1495 2036 solam

546 2076 664 2142 faciant
679 2075 879 2140 cruditatem.
924 2075 986 2137 Vix
1001 2087 1109 2137 autem
1128 2073 1308 2137 invenietur
1329 2072 1495 2159 scriptum,

545 2179 576 2242 in
600 2202 666 2265 quo
681 2179 706 2242 si
729 2177 841 2241 nonin
865 2198 956 2242 sensu
980 2177 1030 2240 vel
1052 2176 1083 2239 in
1101 2175 1218 2253 verbis,
1234 2197 1297 2238 non
1319 2176 1496 2262 reperiatur

544 2281 679 2368 aliquid,
694 2281 782 2368 quod
806 2279 946 2366 prudens
965 2279 1063 2342 lector
1082 2278 1208 2344 emittit.
1247 2280 1409 2345 Caeterum
1424 2279 1498 2345 libri

544 2384 691 2449 catholici
713 2387 816 2449 tutius
836 2383 987 2466 leguntur
1002 2396 1035 2447 et
1054 2383 1199 2457 cautius;
1227 2397 1258 2447 et
1274 2380 1409 2467 gentiles
1423 2381 1499 2446 sim-

545 2485 729 2573 plicioribus
747 2484 955 2571 periculosius
970 2497 1099 2570 patent:
1126 2483 1227 2549 sedin
1245 2485 1393 2571 utrisque
1407 2507 1496 2548 exer·

547 2586 610 2649 ceri
625 2585 822 2650 fidelioribus
835 2586 970 2669 ingeniis
985 2585 1187 2652 utilissimum
1199 2599 1255 2650 est.
1286 2589 1369 2650 Nam
1385 2587 1497 2672 exqui-

546 2689 608 2750 sita
637 2685 730 2750 lectio
759 2685 966 2771 singulorum,
992 2686 1229 2761 doctissimum3
1263 2699 1357 2751 cauta
1385 2688 1497 2752 electio

547 2786 726 2865 meliorum,
747 2787 905 2872 optimum
926 2786 1014 2854 facit.
1061 2792 1109 2854 Ut
1130 2788 1212 2852 enim
1235 2788 1267 2852 in
1288 2787 1369 2853 libro
1388 2793 1499 2855 Satur-

547 2887 714 2967 ualiorum,
729 2901 761 2953 et
776 2888 809 2951 in
825 2888 967 2974 epistolis
982 2891 1109 2953 Senecas
1124 2889 1165 2952 ad
1182 2868 1515 2976 Luciltiir'ffile'git'ur,

522 2975 873 3077 ‘ape-sduodammodo
886 2989 1040 3056 debemus
1056 3005 1271 3077 amttar1,quae
1287 3005 1454 3078 vagantur,
1465 3007 1497 3058 et

544 3091 638 3156 flores
659 3107 805 3179 carpunt,
828 3092 944 3158 deinde
966 3091 1121 3180 quiequid
1143 3093 1299 3171 adtulere,
1314 3096 1498 3181 disponunt,

466 3250 469 3255 .
546 3205 578 3258 et
601 3216 659 3279 per
683 3194 774 3258 favos
799 3193 960 3270 dividunt,
983 3206 1016 3259 et
1042 3217 1171 3260 succum
1195 3197 1317 3261 varium
1342 3197 1373 3260 in
1397 3220 1497 3263 unum

549 3314 703 3377 saporem,
717 3293 858 3358 mixtura
878 3292 1014 3378 quadam
1031 3307 1062 3357 et
1083 3295 1276 3380 proprietate
1292 3295 1422 3379 spiritus
1436 3295 1497 3373 sui,

549 3404 686 3457 mutant.
721 3392 790 3454 Nos
804 3414 934 3476 quoque
948 3391 1103 3477 quicquid
1118 3393 1242 3458 diversa
1265 3395 1395 3459 lectione
1410 3418 1498 3480 quse·

548 3494 689 3570 sivimus,
712 3506 933 3558 convertamus
953 3494 987 3556 in
1011 3515 1104 3558 usum
1127 3495 1266 3575 virtutis,
1282 3510 1316 3561 ut
1338 3499 1444 3563 omnia
1464 3498 1498 3564 in

547 3595 690 3662 ordinem
709 3595 933 3682 gerendorum,
948 3597 1080 3661 rationis
1094 3597 1217 3685 judicio
1237 3599 1411 3683 digerente,
1427 3627 1499 3668 coa·

548 3700 675 3764 lescant.
721 3701 805 3763 Nam
829 3711 861 3762 et
886 3698 917 3760 in
941 3699 1048 3761 animo
1070 3700 1181 3763 melius
1203 3699 1353 3766 distincta
1375 3727 1499 3770 servan-

549 3814 613 3879 tur,
625 3814 657 3865 et
671 3801 740 3887 ipsa
754 3800 928 3875 distinctio,
940 3822 1002 3864 non
1018 3801 1085 3865 sine
1097 3801 1236 3887 quodam
1255 3802 1419 3883 fermento,
1432 3831 1497 3894 quo

547 3904 695 3969 conditur
712 3903 911 3977 universitas,
923 3903 955 3965 in
973 3904 1068 3967 unius
1080 3905 1200 3989 saporis
1215 3927 1307 3970 usum
1322 3913 1409 3973 varia
1422 3910 1498 3976 liba-

548 4019 655 4071 menta
668 4005 848 4081 confundit,
866 4018 900 4068 ut
917 4005 1040 4069 etiamsi
1056 4008 1240 4091 apparuerit
1258 4009 1339 4072 unde
1355 4029 1497 4077 sumtum

547 4108 598 4187 sit,
613 4107 700 4174 aliud
722 4122 826 4172 tamen
852 4129 929 4186 esse,
949 4130 1047 4192 quarn
1069 4108 1153 4171 unde
1174 4122 1313 4174 sumtum
1339 4127 1497 4189 noscetur,

550 4222 713 4295 appareat,
729 4206 814 4294 quod
831 4208 864 4271 in
880 4229 1010 4292 corpore
1026 4222 1134 4272 nostro
1148 4207 1250 4271 facere
1267 4209 1420 4285 videmus,
1433 4213 1500 4280 siue

550 4309 635 4371 omni
644 4332 741 4393 opera
752 4323 869 4386 nostra,
881 4323 1036 4374 naturam.
1059 4308 1218 4373 Alimenta
1230 4333 1302 4393 quae
1313 4311 1500 4398 accipimus,

550 4411 704 4496 quamdiu
720 4415 750 4475 in
768 4436 824 4476 sua
844 4411 999 4497 qualitate
1015 4426 1227 4496 perseverant,
1244 4428 1275 4478 et
1298 4415 1398 4482 solida
1413 4419 1499 4484 inna-
