4084 5634
553 801 625 847 cae.
642 784 680 864 1.]
907 807 1162 854 roevcnarrcns.
1487 795 1506 851 b

553 955 730 1021 abscedere.
776 958 920 1044 Ideoque
943 982 1138 1046 quocunque
1161 960 1291 1036 venerit,
1307 959 1412 1041 fruges
1435 980 1503 1022 om·

552 1058 630 1122 nino
651 1061 823 1123 consumit
869 1063 1009 1126 Incusta
1038 1072 1143 1125 tamen
1173 1072 1206 1124 et
1234 1061 1400 1124 athelebus
1426 1083 1504 1145 quo-

551 1178 678 1240 cunque
702 1160 847 1222 venerint
871 1168 1001 1234 nocent,
1027 1175 1059 1224 et
1084 1161 1161 1224 sorte
1184 1161 1218 1223 in
1239 1161 1320 1224 locis
1346 1161 1503 1243 pluribus,

551 1258 608 1322 sed
636 1271 743 1323 tamen
766 1261 874 1324 minus
896 1263 1031 1339 brucho,
1057 1263 1111 1347 qui
1134 1284 1233 1345 quum
1255 1261 1408 1325 insederit
1436 1283 1502 1325 non

550 1371 705 1439 movetur,
720 1362 822 1426 donec
844 1364 969 1426 labores
988 1364 1153 1427 hominum
1174 1363 1305 1426 omnino
1323 1362 1500 1428 exhauriat

550 1465 594 1526 At
619 1464 652 1525 in
678 1465 869 1529 officialibus
892 1465 1030 1528 eundem
1053 1464 1221 1541 bruchum,
1247 1464 1428 1527 athelebum
1453 1465 1501 1526 in·

550 1564 670 1636 venies,
684 1577 717 1628 et
728 1566 898 1641 locustam,
912 1567 967 1650 qni
983 1564 1173 1648 propinquis
1187 1574 1303 1626 noceat
1317 1576 1350 1627 et
1363 1565 1502 1643 remotis,

438 1670 443 1681 '
549 1679 582 1730 et
602 1667 699 1743 illius,
722 1668 774 1731 cui
797 1668 897 1730 semel
918 1665 1081 1744 insederit,
1103 1666 1258 1728 fortunam
1282 1664 1421 1741 devoret,
1439 1686 1501 1729 nec

550 1781 623 1831 ante
646 1768 810 1846 abscedat,
833 1791 928 1852 quam
951 1790 1061 1832 omnes
1083 1767 1152 1850 ejus
1174 1767 1295 1830 auferat
1321 1768 1501 1831 facultates.

550 1869 632 1941 Quis
655 1888 820 1930 numerare
850 1852 966 1952 potest,
992 1879 1071 1951 quot
1100 1869 1243 1952 pupillos
1268 1866 1501 1932 officiosissime

550 1968 842 2051 circumscripserit,
855 1980 889 2032 et
902 1983 981 2053 quot
995 1971 1121 2032 venales
1135 1969 1251 2052 injuria
1271 1969 1382 2033 feeerit
1396 1989 1499 2050 agros,

549 2080 583 2132 et
596 2082 675 2152 quot
689 2068 775 2152 apud
790 2092 849 2133 nos
863 2070 996 2134 licentia
1013 2072 1143 2134 istorum
1160 2071 1225 2134 suis
1241 2069 1377 2134 nudatos
1394 2071 1498 2147 bonis,

547 2174 608 2235 sub
623 2173 762 2253 imagine
778 2173 941 2252 religionis
961 2174 1064 2237 aliove
1084 2182 1254 2256 praetextu,
1270 2194 1336 2236 non
1351 2184 1416 2235 tam
1433 2171 1499 2235 llo·

547 2274 682 2358 mipetas
696 2285 729 2338 et
743 2275 940 2357 peregrinos,
957 2297 1052 2359 quam
1069 2277 1181 2339 exules
1201 2274 1332 2339 fecerit?
1378 2275 1499 2359 Utique

542 2375 610 2460 jam
630 2376 713 2438 fiunt
730 2377 791 2438 ista
810 2379 927 2459 palam,
948 2397 1009 2440 nec
1030 2398 1087 2439 eos
1112 2376 1267 2459 praesides
1286 2387 1342 2440 ant
1360 2397 1496 2460 procon-

547 2478 631 2538 sules
647 2476 811 2552 cohibent,
826 2476 903 2557 quia
919 2474 966 2538 (ut
981 2475 1047 2538 dici
1062 2477 1151 2556 solet)
1170 2478 1322 2558 operibus
1336 2477 1406 2558 lupi
1421 2497 1497 2539 con-

546 2577 721 2656 gratulatur
731 2597 856 2652 corvus,
866 2589 899 2638 et
909 2575 1053 2638 ministro
1064 2576 1252 2658 iniquitatis,
1264 2576 1383 2658 impius
1392 2575 1499 2656 judex

548 2673 723 2757 applaudit
777 2674 852 2736 Hoc
877 2681 984 2736 autem
1011 2674 1160 2736 omnibus
1184 2673 1236 2735 his
1261 2694 1321 2734 usu
1350 2672 1500 2749 innotuit,

548 2774 712 2858 principes
737 2793 871 2855 quorum
900 2772 1047 2835 infideles
1073 2785 1146 2837 sunt
1171 2773 1250 2836 socii
1280 2773 1395 2849 furum,
1417 2794 1499 2857 quos

547 2898 618 2940 cum
633 2876 667 2937 in
685 2873 843 2938 maleficio
856 2872 1000 2949 viderint,
1013 2883 1142 2935 errrrunt
1156 2895 1229 2937 cum
1241 2873 1298 2949 eis,
1310 2873 1497 2956 adjicientes

544 2978 721 3063 iniquitatis
750 2988 882 3061 partem,
913 2986 948 3038 ut
976 2976 1056 3038 lueri
1085 2997 1308 3060 quamcunque
1339 2976 1497 3059 recipiant

544 3081 733 3164 portionem.
778 3078 812 3141 Si
833 3078 979 3140 misertus
1001 3077 1098 3140 fueris
1120 3078 1279 3162 pauperis,
1298 3078 1325 3139 si
1346 3097 1494 3141 occasum

538 3181 672 3266 justitiae
692 3179 827 3254 fleveris,
842 3178 869 3240 si
890 3177 1066 3241 decreveris
1088 3179 1268 3256 subvenire,
1288 3179 1316 3241 si
1338 3179 1495 3242 obmutire

544 3280 655 3357 audes,
679 3290 713 3340 ut
735 3278 776 3341 ad
803 3279 930 3356 singula
955 3298 1028 3359 quae
1051 3277 1171 3353 dicunt,
1193 3289 1249 3340 aut
1274 3275 1409 3354 faciunt,
1430 3299 1496 3340 non

543 3382 666 3445 dixeris
690 3401 780 3460 euge,
804 3398 896 3458 euge,
920 3377 1148 3440 accusantibus
1178 3377 1384 3454 Herodianis‚
1408 3380 1493 3442 laesae

543 3480 718 3566 majestatis
734 3477 847 3541 reddes
861 3498 969 3540 coram
989 3476 1123 3559 preside
1144 3479 1307 3542 rationem.
1354 3478 1416 3543 Cui
1431 3482 1494 3544 nisi

541 3585 574 3647 in
593 3583 743 3647 omnibus
762 3580 968 3663 acquieveris,
985 3579 1104 3642 Caesari
1125 3579 1332 3654 contradices,
1348 3592 1380 3643 et
1399 3582 1492 3664 quic·

542 3685 620 3769 quid
641 3684 754 3758 dictet,
771 3681 833 3745 uisi
856 3681 902 3744 sic
924 3691 985 3757 eat,
1006 3692 1039 3744 et
1057 3679 1120 3742 uisi
1143 3681 1189 3744 sie
1212 3692 1284 3759 stet,
1299 3692 1348 3745 est
1366 3682 1398 3744 iu
1420 3703 1490 3764 per·

540 3806 652 3850 sonam
674 3785 769 3865 regis,
791 3793 964 3866 contraque
986 3802 1145 3845 coronam.
1190 3782 1380 3865 consurget,
1402 3784 1492 3866 inge·

539 3887 723 3962 minabitur,
742 3893 774 3946 et
794 3905 895 3969 usque
918 3882 960 3946 ad
981 3884 1084 3947 nubes
1109 3884 1284 3948 invalescet
1305 3886 1491 3950 officialium

538 3991 670 4069 clamor,
688 3985 908 4067 replicantium
927 4005 1007 4047 voce
1029 4006 1162 4065 magna:
1190 3986 1288 4048 Hunc
1311 3987 1491 4050 invenimus

538 4090 774 4151 subvertentem
797 4086 963 4168 populum,
985 4096 1018 4147 et
1038 4085 1261 4169 prohibentem
1282 4087 1401 4150 tributa
1422 4085 1492 4148 dari

539 4189 671 4262 Caesari,
696 4198 930 4270 negantemque
956 4186 1114 4252 Caesarem
1141 4209 1248 4268 regem
1274 4207 1357 4262 esse,
1379 4197 1411 4249 et
1433 4187 1490 4251 rni-

538 4290 645 4352 nistris
659 4289 728 4374 ejus
744 4290 890 4351 universa
905 4288 945 4351 de
955 4287 1027 4370 jure
1045 4289 1148 4350 licere.
1198 4288 1296 4348 Hunc
1313 4286 1491 4354 invenimus

535 4403 743 4454 evacuantem
765 4403 914 4473 paternas
937 4392 1038 4471 leges,
1054 4409 1154 4451 novas
1175 4386 1442 4470 introducentem,
1460 4406 1493 4457 et
