4084 5634
729 297 1073 537 Μαίη
1151 297 1266 530 Ar
1181 331 1624 552 AAAAA

1118 512 1326 746 AA
1538 561 1743 763 AAA

539 857 609 901 err.
625 838 672 917 a]
897 853 1151 900 marcaarrcns.
1452 841 1493 900 98

540 1009 709 1092 ipsumque
729 1029 787 1091 pro
813 1007 884 1070 Deo
903 1008 1055 1084 colerent,
1075 1008 1161 1069 nacti
1185 1006 1263 1069 sorte
1286 1007 1491 1070 occasionem

541 1131 583 1173 ex
605 1113 708 1175 verbis
730 1110 799 1195 ejus
820 1110 959 1175 dicentis
984 1111 1115 1175 domum
1141 1111 1400 1194 philosophantis
1423 1133 1493 1175 esse

542 1213 711 1276 sacrarium
740 1207 917 1295 sapientiae,
945 1225 979 1275 et
1006 1213 1206 1275 verissimum
1234 1212 1296 1276 Dei
1325 1214 1492 1296 templum.

541 1310 689 1376 Traditur
714 1313 811 1376 etiam
836 1312 1036 1396 persuasisse
1061 1312 1256 1389 hominibus,
1278 1332 1346 1374 esse
1372 1311 1495 1375 animas

542 1414 749 1491 immortales,
764 1426 885 1497 etpost
901 1413 1144 1476 dissolutionem
1160 1413 1314 1495 corporis,
1328 1414 1399 1476 vitre
1415 1434 1495 1497 pres·

543 1515 688 1579 cedentis
702 1517 835 1600 praemia
856 1525 1048 1598 recepturas
1095 1514 1199 1596 lmpie
1219 1525 1326 1576 tamen
1350 1515 1494 1613 fabulam

543 1617 632 1681 mille
648 1617 940 1705 mnonrmjdmus
956 1612 1073 1678 dicitur
1088 1612 1267 1676 induxisse

557 1694 784 1734 ΝΜ

543 1884 625 1968 Cap.
641 1891 671 1948 A.
696 1884 748 1947 De
764 1884 877 1946 lonico
894 1902 1012 1964 yenere
1034 1882 1317 1966 Philosophorum,
1338 1893 1371 1948 et
1389 1893 1499 1949 aucto-

587 1989 686 2050 ritate
707 1989 863 2065 Socratis,
885 1996 919 2051 et
938 1989 1085 2070 cloymnte
1106 1987 1268 2064 Platonis,
1294 1995 1327 2049 et
1346 1988 1499 2070 opinione

590 2093 661 2170 AAA
669 2097 747 2170 post
760 2097 903 2153 mortem.

589 2251 758 2311 Amnum
789 2269 862 2311 raro
893 2248 1157 2332 philosophorum
1187 2270 1289 2332 genus
1323 2260 1382 2326 est,
1411 2249 1499 2334 quod

546 2352 692 2415 Ionicum
708 2349 832 2426 dicitur,
848 2361 881 2412 et
895 2371 914 2413 a
930 2351 1055 2414 Graecis
1074 2351 1279 2414 ulterioribus
1294 2352 1391 2414 traxit
1406 2352 1499 2433 origi·

525 2453 630 2514 nem.
678 2452 802 2513 Horum
829 2451 980 2534 princeps
1011 2449 1072 2514 fuir
1096 2453 1217 2514 Thales
1239 2452 1397 2528 Milesius,
1416 2470 1501 2514 unus

547 2552 673 2614 illorum
689 2564 824 2633 septem,
839 2551 893 2633 qui
910 2550 989 2613 dicti
1009 2562 1085 2615 sunt
1105 2553 1274 2634 sapientes.
1321 2549 1387 2614 Iste
1403 2572 1501 2633 quum

549 2674 652 2717 rerum
681 2664 827 2714 naturam
852 2662 1021 2729 scrutatus,
1044 2654 1128 2714 iuter
1154 2665 1287 2714 caeteros
1311 2652 1501 2723 emicuisset,

550 2753 690 2816 maxime
705 2751 902 2814 admirabilis
917 2750 1036 2829 extitit,
1052 2751 1141 2836 quod
1162 2752 1341 2833 astrologiae
1363 2751 1504 2813 numeris

551 2850 811 2964 comffilrensis,
833 2850 912 2913 solis
940 2861 973 2912 et
1001 2851 1086 2913 lunae
1114 2838 1285 2938 (1(ιῖξᾶᾗῖ
1285 2830 1513 2944 preed⁰cebat¹

551 2954 639 3018 Huic
656 2950 813 3016 successit
804 2918 1138 3014 ffiander
1086 2972 1156 3037 eJus
1171 2924 1305 3027 auditor,
1321 2974 1377 3037 qur
1368 2953 1503 3017 Anax-

548 3057 683 3118 imenem
694 3053 888 3136 discipulum
898 3052 1069 3136 requmtet
1078 3072 1305 3117 successorem
1338 3054 1503 3136 Diogenes

550 3179 675 3240 quoque
695 3154 840 3239 ejusdem
861 3153 987 3218 auditor
1006 3153 1124 3230 extitit,
1146 3164 1180 3216 et
1202 3154 1423 3236 Anaxagoras,
1445 3153 1502 3239 qui

551 3257 693 3320 omnium
723 3275 826 3317 rerum
856 3275 937 3336 quas
967 3252 1123 3329 videmus,
1148 3253 1331 3315 effectorem
1362 3251 1504 3315 divinum

552 3358 695 3419 animum
711 3353 834 3417 docuit.
867 3354 909 3416 Ei
926 3352 1082 3415 successit
1098 3350 1222 3414 auditor
1236 3352 1307 3433 ejus
1318 3351 1506 3431 Archelaus,

552 3457 644 3543 eujus
659 3454 838 3538 discipulus
858 3453 1006 3517 Socrates
1026 3451 1126 3514 firisse
1148 3450 1342 3534 perhibetur,
1358 3451 1508 3533 magister

552 3559 705 3636 Platonis,
716 3557 771 3640 qui
785 3566 865 3620 teste
876 3553 1025 3638 Apuleio,
1037 3552 1323 3637 pnusAnstoteles
1333 3552 1438 3617 dietus
1447 3567 1507 3633 est,

552 3663 609 3727 sed
625 3660 742 3726 deinde
752 3659 983 3751 μιωιιιιι
992 3656 1156 3748 pectoris,
1159 3656 1264 3732 Blate,
1279 3670 1311 3720 et
1330 3657 1365 3720 in
1384 3669 1506 3723 tantam

552 3762 756 3827 eminentiam
764 3739 1007 3875 Yhilosophie,
1031 3767 1064 3821 et
1082 3758 1190 3840 rigore
1205 3759 1339 3841 ingenii,
1357 3771 1389 3823 et
1409 3760 1507 3825 studii

553 3863 716 3940 exercitio,
731 3873 763 3926 et
783 3861 925 3925 omnium
949 3880 1072 3922 morum
1096 3870 1271 3933 venustate,
1287 3861 1408 3944 eloquii
1426 3882 1505 3944 quo-

553 3985 615 4048 que
625 3963 780 4027 suavitate
796 3973 828 4025 et
837 3961 933 4043 copia
943 3961 1115 4023 subvectus
1125 3970 1184 4034 est,
1196 3972 1231 4023 ut
1241 3960 1349 4044 quasi
1342 3982 1376 4023 m
1392 3961 1506 4024 throno

553 4066 716 4149 sapientire
732 4064 888 4140 residens,
900 4073 1060 4146 praecepta
1073 4060 1212 4146 quadarn
1222 4061 1409 4126 auctoritate
1421 4061 1508 4123 visus

554 4177 614 4243 est,
637 4179 700 4230 tam
728 4165 995 4240 antecessoribus,
1019 4184 1113 4247 quam
1138 4163 1379 4226 successoribus
1404 4161 1508 4243 philo·

555 4269 675 4350 sophis,
695 4269 859 4351 imperare,
905 4265 950 4328 Et
971 4265 1093 4347 primus
1115 4261 1245 4347 quidem
1267 4261 1418 4324 Socrates
1438 4261 1508 4324 uni·

556 4389 678 4431 versam
689 4368 926 4452 philosophiam
934 4366 974 4429 ad
984 4363 1191 4446 corrigendos
1201 4362 1508 4448 componendosque

553 4489 661 4573 ιιιιιιθι
686 4472 814 4534 flexisse
838 4481 1040 4571 memoratur,
1063 4484 1162 4548 quum
1188 4476 1262 4527 ante
1288 4463 1376 4527 illum
1399 4486 1509 4530 omnes

714 4584 823 4599 ’Νι-αι...-
