4084 5634
629 825 670 883 72
878 841 1013 899 rosurus
1027 842 1303 888 susnsnmrsusrs
1406 879 1409 882 .
1437 826 1517 906 [um.
1534 847 1577 892 vr.

627 1012 723 1054 manu
745 993 910 1056 fortiorum
933 995 1017 1076 ejus3
1042 997 1189 1077 effluum,
1211 1005 1244 1059 et
1267 1018 1439 1080 pauperem
1462 1020 1481 1062 a
1502 997 1575 1061 diri-

627 1092 790 1176 pientibus
816 1117 898 1158 eum.
952 1097 986 1159 Si
1012 1118 1087 1179 ergo
1112 1097 1295 1181 quisquam,
1320 1098 1506 1183 quicunque
1533 1101 1575 1162 sit

623 1195 688 1270 ille,
702 1195 837 1277 insurgit
850 1198 884 1258 in
907 1219 973 1274 eos,
988 1219 1123 1282 quorum
1143 1207 1308 1282 patronus,
1323 1201 1388 1263 imo
1414 1212 1504 1283 pater
1527 1212 1576 1264 est

626 1295 781 1374 Christus,
795 1299 1008 1380 proculdubio
1023 1300 1057 1363 in
1074 1301 1232 1384 seipsum
1252 1312 1406 1383 provocat
1423 1299 1575 1385 lapidem,

623 1418 685 1479 quo
701 1398 836 1462 irruente
851 1402 1046 1465 comminuta
1061 1413 1109 1465 est
1123 1412 1237 1479 statua,
1251 1423 1349 1486 quam
1363 1400 1444 1464 vidit
1459 1402 1491 1464 N
1493 1402 1571 1465 abu·

621 1498 832 1577 chodonosor,
847 1523 919 1586 quae
934 1524 1103 1585 regnorum
1119 1504 1193 1567 varii
1209 1502 1389 1587 splendoris
1404 1514 1436 1568 et
1449 1504 1572 1568 roboris

620 1602 732 1663 seriem
756 1603 920 1684 figurabat.
966 1606 1037 1668 Nec
1059 1605 1187 1686 proficit
1200 1605 1233 1668 in
1249 1616 1370 1670 tortura
1383 1626 1571 1688 pauperum,

618 1703 829 1785 multiplicare
845 1715 928 1783 rota,
943 1719 975 1770 et
990 1708 1081 1792 quasi
1095 1708 1185 1772 Deus
1201 1709 1387 1772 muneribus
1409 1710 1570 1791 corrumpi

619 1814 725 1885 queat,
739 1826 810 1868 eum
834 1807 988 1871 simuletis
1009 1809 1127 1893 potius,
1145 1831 1240 1894 quam
1257 1811 1339 1873 reris
1359 1811 1400 1873 ab
1420 1810 1569 1893 impoeni-

618 1914 705 1969 tenta
714 1907 926 1992 eleemosynis
937 1919 1205 1996 attentare,quum
1216 1912 1375 1996 sapientis
1384 1923 1569 1996 potestetur,

618 2006 693 2089 quia
715 2007 805 2070 ruina
825 2021 873 2072 est
894 2011 1017 2074 homiui
1037 2011 1187 2076 devorare
1208 2023 1347 2090 sanctos,
1362 2026 1394 2076 et
1408 2025 1483 2097 post
1497 2027 1569 2078 vota

616 2114 795 2170 retractare.
841 2109 886 2170 Et
912 2109 1013 2173 illud:
1049 2111 1174 2174 Hostiae
1203 2111 1374 2193 impiorum
1403 2112 1567 2175 abomina-

615 2206 696 2269 biles
725 2208 877 2287 Domino,
903 2211 980 2292 quia
1008 2213 1182 2275 offeruntur
1211 2233 1254 2274 ex
1277 2213 1418 2275 scelere:
1453 2213 1565 2295 etqui

615 2308 707 2370 offert
734 2310 925 2374 sacrificium
955 2311 996 2375 de
1025 2314 1137 2393 rapina
1159 2311 1320 2394 pauperis,
1342 2312 1433 2395 qnasi
1463 2310 1565 2373 filium

613 2410 756 2474 immolat
783 2414 875 2496 patri.
921 2414 991 2476 Nec
1021 2413 1100 2475 mihi
1129 2413 1311 2496 imputetur,
1340 2414 1366 2476 si
1397 2412 1438 2476 de
1467 2433 1564 2475 manu

613 2514 1563 2598 eorumfraternussanguisexquiritur,aut0pernmsuorum

611 2625 775 2696 reportant
797 2617 927 2699 praemia
947 2617 980 2678 in
1003 2614 1117 2678 eadem
1140 2634 1289 2677 mensura
1310 2635 1406 2699 quam
1428 2615 1490 2699 ipsi
1514 2615 1564 2678 in·

612 2717 768 2779 tulerunt:
801 2718 952 2801 quoniam
974 2737 1043 2781 non
1063 2736 1135 2798 ego,
1154 2715 1210 2780 sed
1226 2716 1409 2780 Altissimus
1430 2716 1509 2780 dicit
1530 2729 1563 2781 et

609 2818 685 2879 facit
698 2818 767 2880 haec
785 2820 901 2882 omnia.
948 2819 1020 2900 Ego
1042 2817 1171 2900 quidem
1187 2840 1252 2881 non
1277 2830 1399 2883 tantum
1415 2818 1509 2882 bonis
1530 2832 1563 2883 et

608 2918 772 2993 modestis,
794 2919 964 2982 sedetiam
986 2919 1127 3000 dyscolis
1146 2920 1281 2981 arbitror
1304 2917 1504 2981 serviendum
1526 2920 1559 2982 in

608 3017 695 3079 omni
718 3017 895 3080 humilitate
918 3028 951 3078 et
973 3012 1160 3092 reverentia,
1180 3015 1317 3078 fideliter
1339 3027 1445 3078 tamen
1471 3017 1559 3079 etin

607 3120 695 3182 cultu
725 3117 892 3200 potestatis
916 3118 1022 3180 Deum
1044 3113 1268 3190 venerandum,
1294 3137 1314 3179 a
1338 3111 1403 3199 quo
1432 3127 1482 3180 ost
1510 3116 1558 3180 in-

606 3221 724 3284 stituta.
781 3219 877 3284 Unde
907 3233 939 3283 et
967 3218 1098 3282 Hebraei
1125 3217 1353 3302 praecipiuntur
1382 3239 1471 3282 orare
1500 3240 1558 3302 pro

605 3323 804 3406 Babyloniis,
818 3323 895 3407 quia
908 3322 942 3386 in
964 3342 1046 3406 pace
1059 3321 1254 3406 principum,
1270 3321 1361 3403 quies
1385 3332 1434 3384 est
1455 3342 1559 3406 popu·

604 3424 717 3497 lorum,
741 3435 773 3485 et
802 3424 947 3488 Christus
975 3424 1046 3506 ipse
1072 3422 1192 3486 Caesari
1222 3422 1343 3485 tributa
1364 3443 1384 3485 a
1405 3421 1555 3486 fidelibus

603 3523 731 3585 censuit
745 3541 817 3585 esse
839 3524 1002 3586 solvenda
1048 3522 1164 3586 Omnia
1179 3535 1283 3584 tamen
1306 3521 1454 3604 pervertit
1469 3523 1557 3584 Gna·

604 3625 670 3696 tho,
694 3635 726 3686 et
748 3645 787 3686 eo
812 3623 924 3705 judice
949 3624 1016 3685 reri
1040 3621 1206 3704 professio,
1229 3621 1407 3704 majestatis
1431 3621 1555 3685 crimini

604 3737 798 3808 coaequatur,
821 3724 936 3805 diguus
961 3725 1058 3807 plane
1081 3722 1133 3787 cui
1156 3723 1303 3785 alumnus
1326 3723 1497 3805 Apollinis,
1520 3724 1552 3786 id

605 3836 664 3903 est,
673 3826 840 3909 sapientiai
851 3826 964 3904 cultor,
972 3825 1090 3908 pellem
1102 3822 1248 3887 detrahat
1256 3826 1405 3908 exemplo
1416 3825 1555 3904 Marsiae,

604 3930 659 4014 qui
675 3927 751 3991 dum
767 3926 936 3992 contendit

699 4045 707 4070 ‘
814 4042 942 4096 Plroebnm
953 4058 1074 4115 superare
1085 4040 1210 4105 canendo,

603 4143 705 4206 victus
729 4140 919 4204 indumento
945 4149 1066 4202 naturae
1090 4137 1254 4221 spoliatur.
1298 4136 1382 4198 Eum
1412 4158 1550 4221 namque

523 4318 526 4323 Ι
602 4241 800 4307 adulatorum
837 4242 933 4307 factio
966 4240 1118 4316 imitetur,
1146 4248 1178 4301 et
1214 4237 1373 4300 infelicem
1404 4238 1551 4321 Satyrum

601 4345 721 4424 implet,
751 4343 827 4407 dum
858 4342 991 4406 numina
1020 4360 1078 4404 sua
1102 4337 1290 4414 (fortunatos
1312 4339 1437 4421 loquor)
1461 4341 1551 4405 ranis

601 4443 749 4508 laudibus
763 4447 846 4508 velut
860 4441 1078 4507 irratrumentis
1089 4438 1231 4517 musicis,
1244 4460 1308 4502 non
1325 4453 1387 4502 tam
1403 4462 1550 4525 superare
