4084 5634
543 814 698 894 runica]
898 831 1150 878 ronrcnirrcus.

644 983 715 1035 Nam
727 981 750 1033 si
763 981 875 1049 Virgilio
887 999 952 1051 puer
964 986 991 1034 et
1003 980 1139 1034 tolerabile
1153 981 1221 1032 desit

644 1066 803 1137 Hospitium,
814 1066 939 1119 caderent
950 1083 1041 1119 omnes
1052 1084 1069 1118 a
1080 1066 1194 1119 crinibus
1205 1064 1290 1134 hydri.

539 1189 697 1253 Praeterea
718 1206 828 1250 vereor
849 1208 890 1250 ne
913 1187 990 1251 dum
1009 1187 1051 1250 ad
1073 1186 1263 1269 obsequium
1286 1187 1422 1253 devotus
1441 1211 1493 1254 ac-

540 1289 661 1372 cingor,
679 1287 886 1373 dispendium
905 1287 1039 1372 pudoris
1058 1287 1190 1362 faciens,
1213 1291 1397 1354 aemulorum
1420 1313 1494 1375 pro·

540 1411 648 1454 vocem
671 1391 809 1472 linguas,
823 1391 879 1473 qui
902 1392 987 1453 mala
1008 1389 1114 1453 aliena
1132 1389 1284 1454 facillime
1300 1406 1447 1475 carpunt,
1461 1405 1493 1459 et

538 1493 624 1556 bona
648 1491 835 1555 difficillime
861 1493 1035 1556 imitantur.
1082 1488 1177 1562 Quod
1207 1501 1325 1569 autem,
1350 1494 1378 1556 si
1406 1495 1493 1558 alind

539 1615 603 1656 non
622 1594 707 1669 licet,
723 1594 772 1656 vis
792 1606 828 1657 ut
850 1591 890 1656 de
912 1592 1050 1654 sortunae
1073 1591 1210 1668 calculo,
1232 1591 1311 1655 mihi
1334 1603 1367 1655 et
1389 1594 1495 1658 Musis

538 1716 664 1780 querar,
678 1694 829 1758 suadente
852 1692 981 1778 quidem
1004 1693 1122 1756 mentis
1137 1695 1293 1775 augustia,
1309 1696 1493 1759 iacillimum

540 1809 598 1874 est,
616 1818 727 1882 quum,
746 1808 828 1859 teste
851 1796 1007 1878 Gregorio
1027 1795 1249 1870 Nazianzeno‚
1264 1796 1344 1858 nihil
1366 1797 1495 1861 suarius

539 1897 684 1960 videatur
710 1897 895 1959 homiuibus
920 1917 1016 1980 quam
1047 1896 1153 1959 aliena
1181 1896 1282 1980 loqui,
1312 1899 1360 1960 vel
1390 1898 1495 1962 aliena

541 2019 665 2076 curare,
694 1999 750 2060 sed
781 2019 802 2061 a
831 1998 1017 2082 compositae
1048 1998 1164 2061 mentis
1194 1999 1323 2062 arbitrio
1353 1999 1495 2064 rideatur

541 2100 692 2163 alienum.
738 2101 843 2164 Decet
872 2100 955 2163 enim
985 2099 1163 2180 sapientem
1195 2111 1333 2163 mentem
1365 2122 1496 2183 compo-

541 2221 627 2279 nere,
650 2213 685 2264 ut
706 2200 746 2265 ad
774 2221 902 2264 omnem
928 2201 1062 2264 fortuuae
1087 2201 1253 2283 impetum,
1275 2202 1413 2284 querelis
1438 2224 1495 2265 ex-

542 2303 649 2382 clusis,
678 2318 804 2367 scutum
841 2303 973 2366 rationis
1010 2302 1103 2386 quasi
1139 2304 1277 2365 solubile
1313 2305 1493 2387 praetorium

540 2403 797 2487 philosophantis
820 2415 973 2486 opponat.
1018 2402 1082 2473 Qui
1108 2404 1194 2465 enim
1221 2424 1295 2466 cum
1321 2414 1423 2468 status
1446 2406 1495 2470 sui

540 2505 693 2586 qualitate
719 2507 852 2578 rixatur,
876 2505 938 2566 nisi
965 2504 1046 2567 sorte
1071 2501 1113 2566 de
1139 2503 1267 2584 peccati
1293 2507 1495 2587 corruptione

540 2605 712 2684 languidus
746 2605 948 2686 ingemiscat,
976 2604 1121 2666 nondum
1158 2604 1413 2686 philosophantis
1448 2607 1497 2668 in-

542 2726 668 2785 gressus
682 2718 731 2769 est
746 2707 840 2767 viam.
886 2706 1004 2767 Deme
1028 2703 1159 2787 quidem
1182 2704 1294 2766 merito
1309 2704 1399 2787 queri
1420 2727 1495 2787 pos-

541 2826 623 2882 sum,
654 2806 708 2888 qui
738 2804 942 2886 exigentibus
971 2805 1075 2886 culpis
1105 2803 1194 2880 meis,
1225 2805 1257 2865 in
1293 2804 1325 2866 id
1359 2805 1494 2868 miseriae

540 2906 704 2991 projectus
730 2926 813 2982 sum,
836 2917 871 2967 ut
894 2905 926 2967 in
953 2904 1078 2986 flagella
1104 2917 1233 2987 paratus
1259 2903 1374 2982 videar,
1399 2918 1432 2969 et
1457 2928 1494 2970 os

540 3028 644 3070 meum
668 3016 761 3070 nocte
784 3004 948 3068 doloribus
970 3004 1158 3088 perforetur,
1180 3016 1213 3066 et
1235 3005 1290 3087 qui
1313 3026 1364 3069 me
1386 3027 1490 3070 come-

539 3106 629 3182 dunt,
643 3129 706 3169 non
723 3107 900 3190 quiescant.
939 3107 1047 3178 Quum
1062 3127 1137 3187 ergo
1154 3105 1245 3169 dolor
1259 3128 1350 3169 meus
1365 3107 1398 3170 in
1415 3129 1491 3171 cou-

538 3220 652 3291 spectu
674 3228 746 3270 meo
772 3208 814 3270 sit
840 3227 977 3290 semper,
1001 3215 1138 3289 putasne
1164 3207 1266 3289 possit
1291 3209 1417 3284 calami,
1443 3210 1492 3270 rel

541 3306 706 3371 stridentis
725 3306 840 3368 fistulae
862 3306 1017 3369 suavitate
1040 3306 1196 3368 mulceri?
1235 3307 1364 3369 Faciam
1387 3319 1493 3370 tamen

540 3421 720 3489 utrumque,
745 3419 874 3470 auctore
900 3406 1051 3483 Domino,
1077 3405 1166 3487 quod
1192 3407 1335 3483 hortaris,
1357 3420 1389 3471 et
1411 3407 1494 3473 inter

539 3510 642 3572 varias
657 3529 735 3591 opes
751 3517 784 3570 et
798 3505 922 3570 delitias
944 3507 1121 3584 nationum,
1136 3507 1251 3591 quibus
1264 3507 1379 3588 affluis,
1387 3509 1493 3597 jejuni

538 3611 688 3694 pectoris,
712 3621 744 3674 et
767 3607 865 3671 aridae
895 3606 1014 3689 linguae
1040 3609 1277 3693 qualiacunque
1302 3615 1491 3677 munuscula

536 3723 593 3776 tuo
623 3711 746 3774 nomini
776 3713 979 3775 consecrabo.
1031 3713 1105 3774 Non
1133 3712 1217 3775 enim
1248 3713 1288 3777 de
1317 3716 1492 3780 subtilitate

537 3813 776 3886 sententiarum,
792 3825 846 3876 aut
869 3815 1035 3877 verborum
1058 3825 1222 3877 venustate
1244 3835 1413 3898 praesumo,
1435 3817 1491 3881 sed

538 3912 578 3976 de
601 3914 782 3976 sinceritate
809 3912 988 3978 devotionis
1014 3915 1097 3993 ritae,
1121 3936 1196 3979 cnm
1225 3918 1338 4000 quovis
1367 3929 1490 3981 oratore

538 4015 744 4080 contendam:
768 4027 873 4078 certus
889 4014 976 4098 quod
992 4037 1064 4079 eam
1079 4037 1145 4099 prm
1160 4036 1236 4079 auro
1252 4017 1444 4101 sapientum,
1459 4028 1492 4078 et

536 4117 753 4202 eloquentium
769 4128 899 4198 argento
915 4117 1113 4200 acceptabis,
1129 4118 1308 4200 discipulus
1321 4118 1417 4194 illius,
1434 4117 1490 4199 qui

538 4218 602 4282 duo
628 4221 751 4282 minuta
776 4219 893 4296 viduae,
916 4220 1081 4303 pomposis
1111 4219 1329 4283 oblationibus
1357 4217 1490 4281 divitum

538 4322 684 4403 praetulit.
730 4321 802 4385 Erit
816 4322 909 4385 etiam
927 4324 1033 4385 favore
1050 4321 1148 4402 digua
1163 4318 1364 4400 simplicitas,
1379 4332 1412 4383 et
1425 4343 1489 4386 non

539 4444 635 4506 quem
657 4444 784 4487 sensum
806 4425 909 4506 prima
930 4424 1012 4487 facie
1036 4422 1132 4485 verba
1155 4419 1347 4501 significent,
1368 4422 1425 4487 sed
1447 4438 1488 4490 ert

582 4542 653 4586 vor..
670 4541 716 4586 ιν.
1007 4542 1029 4583 o
