4084 5634
538 833 609 880 cae.
625 816 715 897 v111.]
875 832 1128 878 eomcaarrcos.
1423 819 1486 881 243

537 983 597 1060 sui,
614 997 669 1050 aut
686 982 815 1070 spiritus
831 981 960 1061 Bacchi,
974 982 1111 1049 inaniter
1129 984 1356 1050 intumescunt.
1402 990 1485 1052 Nam

537 1109 612 1173 qua
627 1109 645 1150 a
660 1084 790 1171 plebeis,
807 1084 839 1149 id
855 1095 903 1148 est
918 1083 1128 1163 tenuioribus,
1143 1084 1364 1161 celebrantur3
1387 1087 1486 1152 inter·

536 1186 614 1252 dum
640 1185 756 1262 civilia,
781 1185 941 1251 interdum
968 1185 1186 1272 philosophica
1211 1200 1297 1269 sunt,
1320 1189 1380 1253 uisi
1404 1189 1487 1254 forte

538 1290 686 1367 Socratis,
699 1288 886 1366 Alcibiadis,
900 1287 1052 1374 Epicteti,
1069 1288 1269 1375 aliorumque
1284 1290 1490 1378 philosopho·

537 1413 607 1455 rum
623 1389 770 1455 convivia
784 1391 922 1456 incivilia
940 1390 1089 1477 opineris.
1135 1391 1251 1455 Civilia
1273 1406 1378 1456 tamen
1401 1408 1488 1472 sunt,

538 1508 574 1558 ut
588 1515 706 1557 morem
723 1515 894 1579 sequamur
912 1504 1068 1568 nostrum,
1083 1492 1140 1578 qui
1156 1491 1318 1578 pinguiori
1341 1497 1490 1560 Minerva

538 1597 668 1675 utimur,
683 1618 745 1659 non
761 1594 892 1682 quidem
908 1595 1075 1670 dissoluta,
1091 1593 1146 1658 sed
1164 1594 1319 1660 liberioris
1342 1596 1491 1676 licentiae,

537 1710 569 1761 et
588 1697 739 1783 opulenta
762 1695 875 1782 magis,
889 1708 921 1761 et
947 1719 1020 1782 quae
1044 1694 1084 1759 ad
1109 1717 1307 1760 communem
1333 1696 1489 1773 laetitiam,

539 1798 626 1863 salva
641 1812 746 1863 tamen
761 1796 927 1874 modestia,
942 1797 1044 1883 magis
1059 1819 1154 1884 quam
1170 1796 1211 1861 ad
1234 1798 1489 1885 philosophicum

538 1902 675 1985 rigorem
691 1898 856 1963 accedunt.
892 1898 945 1963 Ab
956 1898 1007 1964 his
1017 1919 1096 1983 ergo
1112 1897 1320 1964 Nasidianitae
1331 1912 1490 1978 arcentur,

539 2011 573 2065 et
597 2000 780 2086 quicunque
798 1999 959 2085 supercilii
982 2000 1153 2086 gravitate,
1168 2008 1201 2064 et
1224 2000 1381 2065 inamoeno
1397 2000 1490 2066 vultu

538 2100 745 2167 admissorum
769 2101 960 2166 hilaritatem
976 2101 1119 2167 offendit.
1165 2102 1327 2188 Quicquid
1349 2106 1433 2167 enim
1457 2105 1491 2168 in

538 2203 749 2282 ollaferveat,
764 2202 866 2269 autin
887 2203 993 2268 culina
1016 2218 1160 2292 paretur,
1175 2218 1231 2270 aut
1247 2218 1433 2291 congestum
1450 2205 1490 2271 sit

538 2304 568 2369 in
585 2305 815 2392 promptuario,
831 2305 934 2370 autin
957 2329 1066 2371 mensa
1089 2306 1300 2392 resplendeat,
1316 2307 1491 2393 insipidum

537 2422 597 2486 est,
613 2422 644 2473 et
659 2409 829 2485 insulsum,
845 2410 949 2471 sinon
965 2407 1076 2472 hilaris
1092 2407 1200 2473 vultus
1214 2407 1331 2471 indicio
1347 2429 1490 2493 saporem

537 2510 662 2595 ingerat
681 2509 831 2573 caritatis.
872 2513 956 2573 Nam
979 2522 1011 2573 et
1031 2509 1175 2594 Jupiter,
1189 2522 1225 2573 ut
1245 2510 1279 2570 in
1297 2508 1417 2573 fabulis
1431 2522 1491 2587 est,

538 2615 688 2698 pauperis
716 2610 847 2695 hospitii
876 2610 1054 2695 acceptavit
1080 2607 1271 2687 convivium,
1299 2623 1331 2674 et
1360 2632 1493 2695 magnas

538 2714 698 2798 reputavit
721 2710 858 2788 delitias,
873 2711 961 2797 quod
984 2711 1101 2774 devota
1126 2710 1320 2776 Philemonis
1343 2714 1492 2794 angustia

539 2811 739 2878 ministravit.
785 2812 830 2876 Et
845 2811 975 2897 quidem
1001 2810 1042 2875 de
1057 2810 1113 2875 illo
1128 2811 1250 2877 dictum
1265 2823 1325 2890 est,
1341 2811 1395 2877 sed
1410 2812 1493 2877 obti-

542 2930 595 2980 net
610 2915 696 3003 apud
712 2937 834 2991 omnes,
848 2913 925 3000 quia

855 3074 933 3129 super
944 3059 1032 3110 omnia
1044 3057 1130 3111 vultus

678 3144 818 3196 Accessere
828 3143 900 3208 boni,
910 3159 958 3195 nec
969 3144 1039 3196 iners
1051 3158 1200 3214 pauperque
1210 3141 1340 3195 voluntas.

544 3272 606 3334 Est
620 3292 697 3355 ergo
711 3269 847 3333 civiliter
862 3269 1035 3344 convivari,
1051 3268 1143 3333 hilari
1159 3267 1264 3348 vultu,
1279 3266 1368 3353 larga
1387 3287 1494 3348 manu,

537 3370 685 3454 vdiligenti
700 3368 803 3433 officio
817 3391 975 3434 amoenare
993 3369 1183 3444 convivium,
1199 3382 1231 3433 et
1247 3367 1333 3453 quod
1348 3367 1380 3432 in
1398 3390 1493 3433 usum

541 3472 696 3561 suppetit,
706 3470 816 3535 habita
831 3471 952 3535 ratione
964 3492 1181 3557 personarum,
1198 3469 1269 3546 loci,
1282 3481 1313 3534 et
1330 3469 1492 3556 temporis,
1602 3498 1606 3503 .

539 3574 673 3661 singulis
698 3573 887 3660 dispensare,
910 3595 972 3636 non
1000 3571 1129 3659 quidem
1156 3595 1196 3636 ex
1223 3572 1353 3638 tristitia
1377 3571 1425 3637 rel
1450 3596 1493 3640 ex

540 3676 734 3748 necessitate,
747 3697 847 3764 quum
865 3673 995 3739 hilarem
1005 3673 1146 3739 datorem
1157 3682 1190 3738 et
1201 3674 1290 3739 Deus
1298 3673 1422 3761 diligat.
1454 3677 1493 3740 In

481 3779 485 3786 ”
541 3799 618 3843 usus
633 3777 766 3843 istorum
783 3775 854 3840 licet
871 3788 903 3841 et
919 3773 1012 3841 Catio

646 3909 747 3962 Ponere
758 3909 834 3976 signa
845 3908 918 3959 novis
929 3908 1075 3979 praeceptis,
1087 3905 1175 3976 qualia
1186 3906 1291 3957 vincant

646 3995 824 4064 Pythagoran,
837 3993 970 4061 Anytique
981 4010 1065 4056 reum,
1077 3991 1230 4058 doctumque
1244 3989 1365 4042 Platona.

539 4118 640 4181 Porro
659 4111 804 4177 convivia
818 4110 1038 4197 philosophica
1058 4111 1185 4173 omnino
1201 4106 1366 4192 castigata,
1382 4122 1414 4173 et
1429 4109 1496 4173 suis

541 4216 660 4301 regulis
675 4215 810 4278 limitata
829 4225 913 4293 suut,
930 4226 965 4278 ut
982 4212 1039 4298 qui
1060 4223 1226 4275 versantur
1239 4210 1270 4273 iu
1299 4209 1360 4288 his,
1375 4209 1495 4295 possint

542 4316 630 4381 nulla
652 4316 715 4380 cibi
736 4329 768 4380 et
791 4329 886 4401 potus
908 4314 1099 4401 impediente
1122 4312 1280 4391 molestia,
1300 4310 1366 4377 suis
1385 4312 1495 4378 officiis

541 4417 701 4482 inservire.
733 4418 846 4482 Sobria
859 4417 941 4480 enim
952 4429 1036 4494 sunt,
1047 4430 1078 4482 et
1090 4416 1177 4479 omni
1188 4414 1317 4480 luxuria
1331 4416 1495 4502 castigata,

994 4537 1017 4581 a
1031 4526 1051 4580 2
