4084 5634
536 834 609 880 cre.
625 820 670 899 n]
889 837 1145 885 eocucusncus.
1245 885 1248 888 ,

537 1147 615 1232 Cap.
633 1153 664 1210 ὁ.
694 1151 771 1214 Duo
798 1170 862 1212 esse
885 1152 1056 1231 precipua
1088 1170 1159 1232 qum
1189 1150 1327 1213 militem
1341 1151 1492 1232 fuciunt,

698 1250 857 1314 delectum
873 1252 996 1313 scilieet
1009 1258 1041 1312 et
1058 1252 1324 1313 instrumentum.

580 1384 635 1445 Nu
665 1402 716 1446 me
745 1393 851 1446 tamen
881 1394 975 1465 putes
1004 1383 1163 1446 inimicari
1194 1383 1327 1461 militiae,
1353 1395 1386 1448 et
1415 1385 1492 1450 vitia

538 1505 744 1567 personarum
774 1485 808 1546 in
834 1485 943 1548 officia
968 1495 1162 1566 retorquere,
1188 1506 1246 1566 ego
1276 1487 1491 1569 patrocinium

540 1583 610 1668 ejus
625 1584 738 1666 quovis
752 1585 907 1648 renitente
919 1584 1071 1668 suscipio,
1084 1596 1116 1647 et
1131 1605 1202 1646 eam
1214 1596 1342 1647 auctore
1354 1584 1494 1663 domiuo,

540 1684 811 1748 sufficientissime
842 1685 1016 1748 excusabo.
1073 1682 1232 1746 Professio
1262 1704 1401 1768 numque
1431 1695 1494 1748 tam

540 1783 712 1847 laudabilis
731 1794 790 1861 est,
804 1805 900 1866 quam
920 1783 1112 1859 necessaria,
1127 1794 1159 1845 et
1178 1802 1274 1866 quam
1297 1804 1393 1846 nemo
1411 1782 1494 1847 vitu·

541 1906 653 1968 perare
668 1895 776 1967 potest
789 1886 878 1947 salsa
893 1884 1069 1947 reverentia
1082 1883 1155 1961 Dei,
1168 1904 1187 1947 a
1199 1904 1264 1969 quo
1277 1894 1327 1948 est
1340 1884 1495 1947 instituta.

542 1986 669 2048 Veteris
694 1985 893 2047 instrumenti
922 1985 1048 2047 revolve
1075 1983 1200 2060 seriem,
1224 1993 1256 2046 et
1281 1984 1426 2046 iuvenies
1450 1982 1496 2046 itu

544 2106 616 2148 esse
632 2097 666 2151 ut
681 2085 765 2149 dico.
810 2086 902 2150 Nihil
918 2085 1002 2147 enim
1018 2084 1059 2147 ad
1080 2105 1147 2146 rem
1166 2085 1289 2161 attinet,
1305 2085 1333 2147 si
1347 2084 1400 2147 isti
1415 2105 1495 2169 prae·

542 2187 730 2264 veneantur,
750 2186 899 2270 quoniam
923 2187 970 2249 eis
992 2186 1045 2249 lex
1069 2184 1191 2249 militiae
1214 2185 1322 2269 posita
1347 2205 1412 2249 nou
1437 2197 1497 2263 est,

542 2309 602 2351 nec
632 2288 750 2371 aliquis
780 2308 901 2363 eorum,
925 2298 961 2350 ut
990 2296 1076 2348 recte
1106 2282 1286 2369 loquamur,
1315 2285 1408 2348 miles
1437 2295 1496 2348 est.

543 2389 630 2469 Lege
661 2388 763 2452 libros
795 2397 862 2451 tam
900 2387 1136 2451 ecclesiasticos
1173 2407 1270 2469 quam
1307 2384 1497 2464 mundanos,

549 2490 666 2571 quibus
687 2490 792 2571 agitur
814 2488 855 2552 de
877 2510 911 2550 re
933 2488 1082 2564 militari3
1104 2498 1136 2551 et
1161 2487 1329 2552 manifeste
1352 2486 1499 2549 iuvenies

548 2588 612 2652 duo
627 2610 707 2666 esse,
723 2609 795 2671 quae
812 2588 944 2650 militem
966 2587 1100 2665 faciunt,
1115 2586 1304 2651 electionem
1326 2587 1451 2649 scilicet
1467 2595 1500 2648 et

546 2697 790 2752 sacramentum.
836 2688 920 2749 Hoec
945 2688 1029 2750 enim
1053 2687 1118 2750 duo
1141 2688 1323 2750 communia
1343 2696 1417 2748 sunt
1437 2685 1501 2762 his,

549 2789 604 2872 qui
636 2787 835 2870 spiritualem
865 2799 898 2848 et
927 2788 1126 2868 corporalem
1160 2788 1305 2850 militiam
1338 2795 1500 2851 exercent

549 2888 623 2952 Hos
638 2885 722 2949 euim
738 2883 780 2947 ud
803 2884 1012 2948 ministerium
1031 2887 1147 2963 alteris,
1162 2900 1194 2949 et
1213 2887 1333 2950 cultum
1356 2887 1501 2950 ecclesie

548 2998 641 3051 vocat
670 2986 780 3066 lingua
808 2985 983 3068 pontificis,
1011 2986 1086 3049 illos
1120 2986 1161 3049 ad
1191 2985 1410 3051 defensionem
1439 2985 1500 3050 rei·

546 3090 686 3171 publica)
708 3089 799 3169 eligit
819 3088 930 3170 lingua
952 3086 1054 3152 ducis.
1101 3087 1151 3151 De
1175 3087 1292 3171 quibus
1318 3088 1443 3164 officiis,
1467 3097 1500 3151 et

546 3190 637 3263 locis,
653 3190 763 3270 quales
785 3197 818 3252 et
840 3189 976 3269 qualiter
1001 3187 1042 3251 ad
1068 3190 1253 3252 alterutrum
1279 3191 1422 3252 officium
1443 3189 1501 3253 eli·

550 3289 648 3371 gendi
678 3289 753 3364 sint,
778 3287 932 3371 majorum
964 3288 1085 3371 scripta
1114 3288 1286 3352 declarant.
1330 3289 1395 3350 Sed
1426 3289 1503 3371 quia

551 3409 638 3452 nuuc
653 3388 816 3451 secularis
831 3388 945 3449 militia
959 3399 1102 3450 versatur
1116 3390 1150 3449 in
1166 3388 1324 3464 manibus,
1336 3390 1385 3453 vel
1401 3389 1502 3470 Vege-

552 3489 613 3551 tius
633 3488 779 3551 Reuatus
799 3508 898 3571 super
917 3488 1075 3551 electione
1098 3488 1233 3551 rnilitum
1248 3487 1404 3552 audiatur.
1448 3490 1503 3555 Ait

552 3610 644 3673 ergo:
683 3589 723 3651 In
750 3588 812 3652 hoc
844 3589 941 3653 totius
969 3588 1155 3673 reipublicae
1185 3591 1270 3653 salus
1299 3590 1438 3667 vertitur,
1467 3601 1503 3654 ut

552 3701 683 3772 tyrones
708 3709 776 3752 nou
801 3700 925 3753 tantum
955 3690 1153 3774 corporibus,
1178 3690 1235 3755 sed
1264 3691 1358 3754 etiam
1386 3692 1503 3768 animis

553 3791 806 3873 prestantissimi
832 3789 1036 3872 delegantur:
1071 3791 1153 3854 vires
1182 3792 1273 3874 regui
1302 3803 1335 3856 et
1363 3792 1503 3859 Romani

554 3892 692 3954 nominis
714 3891 965 3969 fundamentum,
987 3893 1021 3954 iu
1045 3892 1149 3976 prima
1171 3891 1313 3957 delectus
1339 3896 1501 3958 examina·

553 3993 641 4057 tione
672 3992 860 4056 consistunt.
905 3994 977 4056 Nec
1003 3994 1074 4058 leve
1100 3995 1162 4059 hoc
1191 4005 1322 4078 putetur
1352 3996 1505 4072 officium,

555 4106 611 4157 aut
632 4094 752 4178 passim
778 4094 1025 4177 quibuscunque
1050 4096 1281 4172 mandandum,
1304 4095 1393 4179 quod
1418 4093 1506 4176 apud

555 4206 677 4258 veteres
702 4194 785 4256 inter
809 4205 874 4256 tam
900 4195 986 4258 varia
1014 4216 1132 4276 genera
1162 4197 1311 4260 virtutum
1341 4193 1505 4277 precipue

557 4306 683 4360 constat
697 4315 766 4359 esse
782 4295 956 4360 laudatum.
1000 4298 1022 4362 J
1024 4305 1161 4362 eventus
1182 4297 1278 4370 euim,
1293 4292 1347 4355 cui
1362 4292 1504 4359 defensio

558 4395 791 4475 provinciarum
805 4396 958 4473 imminet,
973 4406 1006 4460 et
1020 4397 1163 4460 moribus
1177 4393 1336 4458 excellere
1353 4394 1458 4476 debet,
1474 4409 1506 4461 et
