4084 5634
540 823 609 867 cne.
626 807 675 887 rc]
895 801 1147 873 mercaturus.
1346 874 1349 878 ,
1432 817 1495 876 256

540 973 690 1051 mittitur,
706 975 856 1041 honestus
872 999 974 1042 sermo
988 978 1201 1065 prohibetur?
1230 979 1372 1044 Maxime
1389 1004 1490 1066 quum

540 1098 602 1139 non
618 1076 732 1152 minus,
748 1101 844 1165 quam
868 1078 1002 1145 dulcedo
1025 1080 1100 1156 vini,
1117 1080 1251 1144 hilarent
1273 1081 1370 1145 verba
1384 1084 1492 1147 convi-

540 1176 638 1241 vium.
674 1178 757 1256 Quid
774 1181 844 1257 hoc,
861 1179 977 1265 inquis,
992 1180 1033 1243 ad
1049 1181 1305 1268 philosophiam?
1329 1186 1399 1247 lmo
1414 1184 1492 1248 nihil

540 1289 603 1342 tam
628 1295 799 1364 cognatum
826 1281 1000 1368 sapientire,
1021 1305 1118 1367 quam
1144 1282 1220 1347 locis
1242 1296 1274 1347 et
1297 1285 1493 1370 temporibus

538 1395 647 1464 aptare
671 1405 840 1460 sermones,
856 1404 1073 1468 personarum,
1095 1407 1168 1469 qnae
1190 1384 1336 1462 aderunt,
1359 1387 1493 1451 aestima·

542 1484 627 1548 tione
641 1485 674 1548 in
690 1483 829 1548 medium
846 1499 966 1550 vocata.
1006 1484 1098 1549 Alios
1112 1486 1196 1549 enim
1209 1486 1308 1550 relata
1320 1487 1493 1554 incitarunt

540 1586 684 1673 exempla
702 1589 871 1662 virtutum,
888 1588 966 1652 alios
987 1588 1223 1667 beneficiorum,
1238 1590 1407 1654 nonnullos
1427 1615 1493 1655 mo·

539 1687 661 1767 destiae,
678 1703 713 1754 ut
730 1690 832 1775 etqui
853 1690 946 1754 aliter
960 1691 1107 1775 agebant,
1123 1713 1206 1777 saepe
1227 1691 1347 1756 auditis
1362 1691 1491 1768 talibus,

539 1789 580 1854 ad
596 1790 846 1854 emendationem
863 1794 1017 1855 venirent.
1050 1792 1103 1856 Sic
1118 1806 1223 1855 autem
1242 1792 1328 1856 vitiis
1342 1792 1492 1870 irretitus,

542 1891 620 1955 siet
643 1892 702 1955 hoc
724 1890 757 1955 in
779 1893 932 1957 conviviis
953 1889 1095 1978 exegerit
1117 1893 1271 1978 loquendi
1295 1893 1385 1970 ordo,
1400 1895 1493 1960 feriet

542 1993 743 2079 philosophia
753 2016 816 2058 non
829 1994 1009 2070 sentientes,
1023 2007 1059 2058 ut
1071 1995 1169 2060 Liber
1179 2010 1271 2080 pater
1284 1995 1395 2082 thyrso
1407 1996 1494 2077 lecit,

540 2118 598 2181 per
624 2096 873 2182 obliquationem
901 2096 1104 2161 circumfusae
1130 2096 1256 2161 hederae
1281 2097 1399 2162 latente
1424 2121 1494 2163 mu-

538 2219 641 2276 crone,
656 2199 733 2285 quia
748 2219 810 2260 non
825 2199 871 2262 ita
886 2197 1092 2284 profitebitur
1107 2200 1139 2263 in
1161 2199 1306 2263 convivio
1321 2222 1493 2277 censorem,

539 2314 575 2364 ut
590 2300 695 2386 palam
712 2300 790 2364 vitia
804 2301 949 2385 castiget.
986 2303 1148 2366 Caeterum
1166 2302 1215 2366 his
1229 2302 1358 2367 obnoxii
1374 2325 1492 2388 repug-

537 2402 677 2467 nabunt:
706 2415 737 2466 et
750 2402 822 2466 talis
837 2403 897 2466 erit
912 2402 1048 2466 convivii
1065 2403 1234 2480 tumultus,
1253 2418 1287 2469 ut
1304 2405 1365 2468 sub
1382 2405 1493 2492 hujus·

537 2504 622 2568 modi
638 2506 765 2569 invitati
781 2504 950 2568 videantur
965 2504 1089 2568 edicto:

642 2617 721 2678 Quod
733 2622 858 2688 superest,
869 2615 927 2668 laeti
937 2616 1005 2668 bene
1017 2617 1101 2681 gestis
1113 2632 1219 2686 corpora
1231 2617 1309 2670 rebus

644 2701 785 2754 Procurate
797 2702 854 2765 viri,
867 2706 894 2752 et
906 2718 1020 2771 pugnam
1031 2706 1133 2770 sperate
1145 2702 1238 2772 parati.

539 2805 630 2889 Ergo
645 2806 670 2867 si
686 2804 909 2890 opportunitas
925 2804 1106 2867 necessariae
1123 2804 1374 2889 reprehensionis
1395 2831 1493 2874 emer·

539 2908 626 2983 serit,
653 2905 697 2970 sic
723 2929 742 2968 a
767 2905 956 2992 philosopho
982 2905 1212 2991 proficiscetur,
1238 2918 1273 2970 ut
1300 2919 1333 2970 et
1358 2920 1441 2973 tecta
1461 2923 1493 2975 et

538 3009 647 3073 efficax
664 3009 714 3073 sit.
750 3008 836 3086 Quid
848 3007 967 3070 mirum
983 3007 1010 3072 si
1027 3006 1121 3071 feriat
1137 3006 1273 3093 sapiens,
1283 3009 1416 3090 utdico,
1431 3033 1492 3077 nou

538 3114 831 3197 sentientes,quum
841 3109 998 3175 interdum
1011 3113 1055 3174 sic
1065 3108 1288 3195 reprehendat,
1300 3122 1336 3174 ut
1345 3123 1377 3175 et
1387 3133 1493 3196 repre·

539 3214 656 3277 hensus
665 3213 839 3277 hilaretur?
864 3213 931 3276 Nec
944 3224 1069 3276 tautum
1081 3211 1199 3275 fabulis
1209 3214 1284 3289 suis,
1294 3211 1348 3275 sed
1360 3212 1494 3276 interro-

539 3311 723 3395 gationibus
748 3332 877 3396 quoque
908 3309 971 3371 vim
1002 3309 1213 3394 philosophiae
1244 3308 1322 3372 nihil
1351 3308 1493 3396 ineptum

539 3412 699 3498 loquentia
713 3410 871 3475 ostendet.
908 3413 1001 3474 Hanc
1017 3432 1092 3494 ergo
1106 3408 1213 3475 nullus
1228 3410 1380 3476 honestus
1394 3424 1495 3492 actus,

540 3517 682 3589 locusve,
698 3524 802 3577 coetus
825 3511 933 3576 nullus
952 3511 1112 3598 excludat,
1127 3533 1200 3592 quae
1221 3511 1267 3576 ita
1288 3534 1320 3576 se
1339 3525 1442 3598 aptat,
1458 3527 1495 3579 ut

539 3617 662 3703 ubique
677 3615 721 3680 sic
741 3627 891 3702 appareat
910 3616 1092 3689 necessaria,
1109 3627 1260 3701 tanquam
1284 3615 1394 3680 abesse
1408 3615 1496 3681 illam

538 3720 625 3782 nefas
646 3718 754 3783 luerit.
796 3721 841 3783 Et
864 3730 935 3803 post
958 3740 1073 3802 pauca,
1096 3716 1237 3782 loedoriae
1259 3729 1291 3782 et
1315 3718 1495 3783 scommatis

537 3821 749 3886 differentiam
773 3820 861 3901 facit,
886 3844 960 3908 quoe
985 3820 1030 3885 sic
1055 3820 1216 3885 interdurn
1242 3820 1451 3903 proferuntur
1474 3842 1494 3883 a

537 3921 689 4008 sapiente,
706 3935 743 3985 ut
766 3943 828 3985 non
845 3922 939 3986 modo
961 3921 1173 3984 amaritudine
1196 3933 1334 3998 careant,
1349 3918 1403 3982 sed
1419 3920 1495 3983 affe-

537 4037 608 4087 rant
633 4023 850 4108 tempestivam
875 4020 1086 4086 dulcedinem.
1127 4017 1252 4082 Deinde
1275 4018 1494 4104 interrogandi

536 4123 732 4199 civilitatem,
746 4123 795 4186 vel
810 4122 954 4186 facetiam
967 4121 1071 4185 docet.
1103 4118 1168 4192 Qui
1180 4116 1249 4180 vult
1262 4141 1338 4202 ergo
1349 4141 1494 4184 amoenus

538 4246 604 4287 esse
630 4226 802 4303 consultor,
826 4248 862 4288 ea
888 4224 1072 4308 interroget,
1096 4243 1170 4306 quae
1197 4232 1272 4283 sunt
1299 4219 1494 4304 interrogato

537 4324 643 4388 facilia
657 4349 821 4413 responsu,
831 4341 862 4391 et
878 4349 954 4412 quae
969 4324 1026 4390 scit
1043 4322 1132 4386 illum
1147 4318 1257 4386 sedula
1268 4321 1494 4387 exercitatione

537 4421 693 4488 didicisse.
731 4425 859 4491 Gaudet
881 4426 964 4489 enim
988 4423 1126 4508 quisque
1149 4437 1340 4506 provocatus
1362 4422 1402 4487 ad
1421 4422 1494 4488 doc-
