4084 5634
549 860 621 905 css.
636 842 732 922 xvia]
928 858 1182 904 rosrcuarrcus.
1464 844 1501 904 ll

551 1010 768 1085 tibus-Medis,
784 1010 870 1075 acies
885 1011 1052 1073 Persarum
1076 1011 1204 1093 pulsata
1217 1011 1250 1072 iu
1265 1012 1374 1093 fugam
1389 1032 1499 1095 agere·

550 1124 608 1187 tur,
636 1127 669 1177 et
697 1113 829 1177 omuino
860 1111 1026 1188 deficiens,
1054 1131 1115 1175 nec
1151 1113 1304 1175 rictorem
1340 1115 1497 1198 respicere

550 1214 689 1292 auderet,
720 1227 837 1277 matres
865 1223 899 1276 et
932 1233 1048 1275 uxores
1077 1233 1186 1276 eorum
1220 1214 1340 1294 passim
1370 1216 1499 1279 obviam

548 1317 745 1396 fugientibus
767 1325 909 1393 currunt,
923 1325 956 1378 et
976 1315 1144 1377 mulierum
1165 1314 1298 1378 densata
1319 1317 1387 1379 acie
1410 1328 1501 1381 orant

547 1418 580 1481 in
603 1419 749 1502 proelium
771 1426 976 1480 revertantur.
1022 1412 1229 1493 Nolentibus,
1251 1418 1378 1481 sublata
1402 1430 1501 1497 veste,

548 1522 703 1583 obsooena
717 1519 859 1602 corporis
873 1518 1058 1591 ostendunt,
1073 1529 1222 1598 rogantes
1243 1538 1320 1579 num
1335 1519 1369 1580 in
1390 1531 1498 1584 uteros

548 1633 682 1684 matrum
706 1620 756 1683 sel
778 1640 917 1682 uxorum
945 1617 1047 1680 velint
1069 1617 1224 1698 refugere.
1270 1619 1344 1682 Hac
1367 1622 1500 1703 repressi

547 1722 754 1803 castigatione
769 1721 802 1782 in
818 1719 965 1802 praelium
981 1717 1125 1795 redeunt,
1140 1730 1172 1781 et
1182 1720 1268 1782 facta
1281 1719 1500 1803 impressione,

547 1843 629 1904 quos
657 1822 836 1902 fugiebant,
866 1819 975 1898 fugere
1002 1820 1235 1901 compulerunt.
1289 1820 1421 1884 Utinam
1452 1823 1499 1886 sic

546 1924 665 1986 faciant
678 1942 797 1985 uxores
811 1931 841 1984 et
857 1930 973 1983 matres
986 1931 1164 1984 nostromm
1180 1921 1409 1998 Msrchiorum,
1422 1922 1498 1986 dum

548 2043 740 2106 quacunque
763 2023 931 2084 occasione
953 2022 1090 2103 patriam
1106 2036 1234 2085 servent
1247 2022 1453 2101 incolumem,
1467 2036 1500 2088 et

545 2126 650 2188 labem
667 2122 798 2206 pudoris
812 2134 989 2185 amoveant.

545 2375 624 2460 Cap.
644 2380 692 2440 17.
715 2375 816 2439 Nobis
830 2397 851 2437 a
866 2375 1067 2438 nostratibus
1082 2396 1148 2439 esse
1161 2378 1311 2457 euemplu
1324 2378 1496 2454 uirtutum,

584 2486 616 2540 et
645 2500 726 2563 quus
750 2478 899 2539 ciuitates
927 2477 964 2538 irs
990 2476 1097 2538 Italia
1122 2477 1306 2540 condiderit
1331 2475 1496 2554 Brennus,

584 2580 760 2642 secundum
776 2581 933 2656 antiquus
947 2579 1110 2639 historias.

586 2728 713 2789 Vsuuu
729 2726 816 2809 quod
835 2746 856 2788 a
868 2726 985 2787 nostris
1006 2747 1095 2788 nunc
1112 2727 1293 2809 quaerimus,
1302 2723 1494 2809 jampridem

542 2826 705 2912 praeteriit,
721 2838 754 2889 et
776 2846 815 2889 eo
830 2845 933 2906 usque
949 2825 1104 2908 majorum
1119 2836 1300 2889 nostrorum
1315 2827 1413 2890 virtus
1427 2848 1492 2890 ma·

539 2929 629 2992 navit
642 2928 684 2991 ad
698 2928 790 3004 alios,
806 2937 841 2989 ut
857 2925 1026 3008 plenitudo
1041 2925 1149 2990 divitis
1164 2948 1252 2991 venae
1268 2949 1288 2990 a
1301 2929 1390 2992 fonte
1403 2927 1491 2993 ride·

540 3039 608 3092 stur
621 3030 653 3091 in
670 3029 788 3092 rivulos
804 3026 969 3091 defecisse.
1015 3028 1130 3110 Neque
1147 3028 1232 3091 enim
1246 3050 1265 3092 a
1280 3029 1447 3107 Romanis,
1459 3042 1492 3094 et

540 3130 661 3194 Graecis
683 3141 807 3192 tantum
829 3130 921 3191 uobis
942 3138 1017 3191 sunt
1039 3130 1192 3212 exempla
1214 3130 1348 3208 virtutis,
1362 3150 1436 3194 nam
1458 3143 1491 3195 et

541 3229 725 3292 domesticis
744 3227 955 3290 abundamus.
1001 3227 1149 3290 Tradunt
1166 3229 1306 3292 historias
1327 3231 1490 3292 Brennum

540 3328 656 3392 ducem
668 3330 845 3404 Senonum,
855 3329 911 3408 qui
922 3328 1100 3389 exercitum
1108 3329 1326 3390 Romanorum
1336 3327 1422 3412 apud
1431 3331 1488 3392 flu·

539 3452 614 3493 men
626 3430 743 3491 Alliam
756 3427 907 3502 confecit,
917 3427 1086 3509 ipsamque
1097 3428 1209 3489 urbem
1218 3428 1356 3491 Romam
1366 3429 1488 3513 irrupit,

538 3528 1487 3613 etcepit‚etcaesispatribus,etsubactaItaliainvasitGrae-

539 3633 632 3707 ciam,
646 3641 773 3693 vastans
789 3628 907 3706 omnia,
922 3628 1141 3709 universisque
1157 3629 1314 3705 tenibilis,
1330 3650 1429 3713 usque
1446 3630 1487 3695 ad

540 3732 693 3815 Delphici
709 3730 868 3812 Apollinis
882 3729 1048 3812 templum,
1059 3728 1145 3811 quod
1156 3731 1251 3793 situm
1267 3730 1363 3793 estin
1378 3744 1486 3796 moute

540 3831 709 3909 Parnasso,
738 3829 905 3913 processit,
939 3829 1105 3913 ipsiusque
1135 3830 1298 3913 Apollinis
1332 3843 1488 3915 appetens

538 3934 651 4016 spolia,
673 3931 843 3995 scurriliter
858 3930 986 4013 jocatus
1009 3929 1073 3992 ait:
1102 3930 1293 4012 Locupletes
1315 3931 1405 3994 Deos
1425 3934 1487 3994 lar-

538 4033 597 4114 giri
625 4032 811 4095 hominibus
848 4039 1013 4111 oportere3
1057 4029 1154 4108 huuc,
1183 4031 1326 4114 iuquam,
1358 4032 1488 4095 tradunt

537 4133 577 4197 de
598 4134 713 4215 majori
734 4132 911 4209 Britannia,
933 4152 1005 4214 quas
1029 4133 1069 4194 ab
1099 4131 1236 4196 adventu
1261 4132 1428 4195 Saxonum
1453 4132 1488 4194 iu

537 4235 685 4312 insulam,
700 4233 1015 4317 appellaturAnglia,
1031 4233 1210 4297 oriundum.
1234 4230 1331 4313 Apud
1347 4232 1486 4313 Trogum

539 4335 725 4417 Pompeium
740 4335 774 4397 iu
791 4333 940 4397 vicesimo
956 4335 1121 4417 reperitur,
1133 4332 1220 4416 quod
1233 4333 1377 4394 Senones
1389 4333 1487 4411 Galli,

540 4435 772 4499 commilitones
803 4435 935 4511 Brenni,
965 4455 1061 4516 quum
1097 4433 1131 4494 iu
1161 4431 1286 4494 ltaliam
1317 4433 1485 4498 venissent.
1563 4450 1566 4455 “
