4084 5634
632 808 673 868 oe
890 818 1029 866 cornuis
1045 816 1327 865 stensnunrnusrs
1447 802 1530 883 [urs.
1547 821 1591 866 vr.

633 994 711 1037 usus
733 972 887 1054 exegerit,
908 969 988 1055 quid
1012 971 1152 1035 menime
1174 971 1340 1054 expediat,
1357 971 1440 1037 scint
1461 974 1589 1054 eligere.

636 1070 672 1137 Si
687 1094 761 1138 vero
776 1094 827 1137 res
841 1073 936 1136 fuerit
957 1073 1052 1149 serie,
1066 1074 1165 1136 lateat
1185 1073 1330 1153 militem,
1344 1094 1384 1137 eo
1405 1073 1494 1158 quod
1509 1075 1591 1138 mili·

633 1185 700 1238 tere
721 1184 919 1257 praeceptum
942 1185 1005 1238 est:
1030 1173 1108 1258 quid
1132 1173 1202 1238 fieri
1223 1173 1341 1239 debeat
1361 1184 1495 1240 tractato
1517 1196 1592 1238 cum

634 1277 753 1355 multis,
778 1273 858 1360 quid
885 1297 960 1340 roro
986 1276 1128 1340 fecturus
1152 1275 1209 1353 sis,
1231 1296 1304 1339 cum
1330 1277 1533 1360 paucissimis
1557 1288 1591 1340 et

634 1376 842 1455 fidelissimis,
875 1378 926 1441 vel
962 1377 1072 1461 potius
1108 1377 1177 1459 ipse
1215 1388 1333 1441 tecum.
1378 1379 1464 1443 Raro
1500 1378 1587 1442 enim

635 1492 744 1544 manet
764 1479 1000 1557 absconditum,
1021 1479 1109 1563 quod
1134 1479 1176 1543 ed
1197 1480 1344 1544 notitiam
1371 1481 1588 1546 multitudinis

638 1582 736 1646 venit
780 1580 935 1646 Militarie
953 1601 1083 1664 quoque
1107 1592 1270 1665 praecepte
1291 1594 1324 1647 et
1344 1584 1495 1667 exemplo
1516 1593 1593 1648 stre-

637 1704 782 1761 nuorum,
802 1682 987 1765 junioribus
1017 1703 1104 1766 supe
1130 1683 1297 1748 referende
1319 1695 1404 1763 sunt,
1423 1695 1459 1748 ut
1480 1685 1530 1748 his
1551 1684 1593 1747 sd

637 1784 804 1849 scientiam
819 1782 1035 1860 instituuntur,
1049 1783 1114 1847 illis
1133 1785 1352 1850 accendentur
1366 1796 1400 1850 et
1412 1784 1593 1850 animentur

638 1884 682 1951 ad
697 1884 855 1960 virtutem.
900 1885 971 1948 Nec
993 1895 1101 1948 temen
1128 1886 1327 1968 propositum
1347 1908 1454 1952 meum
1472 1897 1533 1963 est,
1547 1887 1593 1951 rei

638 1984 786 2048 militaris
814 1983 868 2048 hic
898 1984 1020 2049 tradere
1048 1995 1158 2064 artem,
1184 2006 1258 2067 quoe
1288 1986 1422 2069 quidem
1452 1987 1594 2053 maxime

637 2095 696 2164 est,
710 2096 743 2149 et
756 2086 1005 2170 pemecessurin,
1019 2097 1053 2148 et
1071 2087 1139 2149 sine
1161 2107 1226 2170 que
1246 2086 1293 2163 (ut
1306 2088 1411 2151 verbis
1427 2088 1589 2152 Plutarchi

639 2188 722 2267 uter)
739 2208 871 2252 mancus
882 2188 1019 2272 quilibet
1029 2188 1217 2269 intelligitur
1231 2188 1444 2272 principatus.
1487 2190 1593 2261 Quem

640 2290 669 2354 si
688 2289 759 2373 quis
776 2288 919 2353 ediscere
939 2289 1085 2366 voluerit,
1099 2288 1193 2353 edem
1218 2287 1375 2352 Catonem
1391 2288 1593 2363 Censorium,

640 2390 725 2473 leget
735 2401 768 2454 et
781 2391 836 2454 ille
848 2411 920 2473 quse
932 2388 1060 2453 Cornel.
1077 2388 1205 2466 Celsus,
1221 2409 1293 2472 quae
1307 2389 1415 2453 Julius
1428 2388 1592 2472 Hyginus,

640 2513 713 2576 quae
729 2491 883 2573 Vegetius
897 2491 1056 2565 Henetus,
1072 2490 1175 2574 eujus,
1190 2510 1229 2554 eo
1244 2490 1334 2573 quod
1355 2489 1594 2573 elegantissime

638 2605 672 2659 et
686 2594 932 2678 diligentissime
946 2593 993 2658 rei
1012 2591 1157 2657 militaris
1172 2604 1271 2658 nrtem
1290 2591 1434 2673 tredidit,
1447 2593 1524 2658 licet
1536 2615 1593 2658 ex-

641 2698 747 2781 emplo
757 2695 997 2780 pressiorem,
1007 2695 1102 2778 pluro
1115 2694 1252 2760 inseruit
1274 2696 1362 2779 leget
1376 2695 1507 2779 inquam
1524 2715 1596 2780 quoe

640 2797 696 2861 isti
710 2799 848 2881 posteris
867 2795 1104 2880 praescribendo
1121 2795 1295 2862 duxerunt.
1339 2799 1416 2864 Hoc
1440 2796 1595 2863 tamenin

642 2899 784 2960 omnium
799 2898 911 2960 artium
928 2895 1063 2960 utilitate
1077 2907 1228 2974 versatur,
1243 2911 1278 2961 ut
1297 2918 1500 2981 nequequam
1515 2917 1595 2979 prae·

642 2996 746 3079 ceptis
769 2996 955 3060 exercitium
982 2994 1076 3058 desit.
1121 2997 1217 3069 Nam,
1241 2998 1325 3061 sicut
1346 2998 1392 3060 uit
1413 2997 1540 3070 Cicero,
1562 2998 1596 3060 in

641 3117 901 3180 unumquemque
930 3117 996 3159 rem
1026 3093 1102 3158 dere
1129 3107 1292 3179 precepto
1321 3096 1505 3160 facillimum
1536 3111 1596 3173 est,

545 3279 552 3295 .
641 3196 698 3262 sed
723 3218 795 3262 eam
816 3198 988 3262 efficaciter
1009 3195 1130 3280 exequi
1153 3196 1452 3263 leboriosissimum.
1496 3199 1592 3273 Quod

643 3322 716 3365 rero
731 3302 766 3365 in
781 3301 950 3387 preceptis
964 3299 1156 3384 eloquentis
1172 3297 1214 3364 ud
1225 3300 1429 3365 Herennium
1444 3301 1599 3381 scribens,

645 3402 686 3466 de
708 3416 774 3469 arte
795 3403 924 3468 dicendi
945 3403 1092 3480 asseruit,
1106 3393 1177 3467 dnm
1198 3403 1324 3468 scilicet
1344 3403 1543 3468 inefficncem
1566 3414 1599 3468 et

643 3504 791 3567 inutilem
815 3524 885 3566 esse
912 3506 980 3567 sine
1008 3524 1069 3567 usu
1091 3516 1124 3565 ct
1144 3503 1377 3567 exercitatione
1399 3502 1543 3579 dicendi,
1557 3503 1599 3567 ed

645 3624 757 3667 omnes
785 3614 868 3666 artes
895 3603 1031 3666 arbitror
1055 3601 1323 3681 transferendum,
1347 3616 1505 3685 quotenus
1532 3625 1598 3668 non

645 3704 813 3768 firmantur
835 3726 904 3782 usu,
918 3724 979 3767 uec
998 3703 1154 3767 exercitio
1172 3703 1369 3767 roborentur.
1414 3703 1506 3768 Adeo
1528 3704 1597 3788 qui-

649 3807 723 3870 dem
746 3817 783 3870 ut
804 3806 832 3869 si
851 3817 950 3870 artem
973 3826 1131 3889 usumque
1153 3803 1317 3883 dissocies,
1338 3805 1444 3887 utilior
1463 3805 1504 3869 sit
1523 3828 1599 3870 usus

647 3929 764 3994 expers
788 3909 874 3986 ortis,
899 3928 995 3992 quam
1020 3928 1072 3970 ers
1097 3927 1169 3990 quae
1196 3907 1246 3970 sui
1273 3928 1366 3971 usum
1396 3929 1462 3970 non
1491 3907 1598 3971 hebet.

648 4012 733 4076 Nem
748 4020 782 4076 et
794 4009 902 4074 David
916 4009 950 4072 in
963 4008 1065 4073 t'unds
1078 4020 1112 4073 et
1125 4007 1244 4093 lapide,
1254 4029 1389 4092 quorum
1403 4008 1551 4092 peritiam
1566 4017 1601 4072 et

648 4137 740 4181 usum
762 4113 913 4191 habebat,
928 4111 1137 4197 Allophylum
1160 4111 1280 4187 stravit,
1295 4121 1328 4174 et
1348 4110 1382 4173 in
1403 4110 1520 4174 baculo
1541 4131 1599 4175 suo

647 4215 780 4299 aggredi
801 4236 899 4281 susus
920 4225 970 4278 est
993 4215 1095 4278 virum
1122 4212 1249 4278 cunctis
1268 4212 1454 4290 terribilem,
1476 4227 1509 4275 et
1534 4212 1598 4276 bel-

647 4320 781 4384 lotorem
810 4321 852 4384 nb
874 4316 1093 4382 adolescentia
1123 4337 1190 4379 sus.
1250 4312 1440 4399 Rejecitque
1469 4314 1601 4380 loricam

649 4422 768 4502 regiam
789 4433 821 4486 et
839 4441 936 4496 ormo,
952 4420 1071 4504 quibus
1090 4418 1286 4482 exercitetus
1306 4437 1370 4481 nou
1385 4416 1499 4492 fueret,
1514 4426 1601 4482 retus
