4084 5634
456 806 475 862 2
683 796 1136 877 'soarurssrnnsnnnrsasrs
1272 818 1355 898 [arn.
1370 838 1417 882 vr.

458 977 540 1059 litui,
553 975 592 1044 it
608 1000 704 1044 omne
727 999 828 1059 genus
850 981 1057 1059 musicorum,
1075 986 1237 1050 laudes
1210 1008 1280 1071 cJus
1298 989 1418 1070 pariter

443 1073 499 1181 :in
503 1068 604 1151 nilum
620 1081 868 1144 conclamabunt
870 1103 954 1194 ,ego
970 1085 1016 1146 vir
1029 1087 1177 1167 plebeius
1196 1099 1230 1151 et
1250 1089 1416 1167 indoctus,

410 1165 521 1278 mssru‘ei
538 1181 696 1243 similibus
718 1180 880 1262 preconia
902 1182 970 1262 ejus
993 1183 1102 1247 fistula
1124 1187 1271 1250 stridenti
1293 1187 1416 1272 disper·

404 1268 546 1343 *iiam
602 1281 685 1342 Nam
713 1278 787 1360 quis
811 1298 831 1340 a
854 1279 1061 1362 semipagano
1094 1283 1207 1346 tibiam
1233 1286 1419 1349 aurichalco

382 1381 613 1465 junctam,
622 1392 655 1443 et
668 1380 813 1443 aemulam
825 1381 910 1442 tubae
920 1380 1101 1461 grandioris
1112 1386 1287 1466 expectet?
1308 1386 1418 1449 Adero

281 1504 287 1522 ·
300 1472 387 1546 ·”·.·
460 1494 579 1557 umen,
590 1490 681 1544 elme
693 1479 791 1542 tantis
801 1479 982 1541 solemniis'
974 1501 1136 1560 angeram3
1152 1496 1183 1545 et
1194 1484 1301 1567 quod
1292 1483 1417 1566 rugenii

459 1604 540 1648 rena
555 1583 723 1655 subtrahit,
739 1579 919 1645 devotionis
935 1582 1030 1665 copia
1044 1584 1217 1666 supplebit.

569 1715 640 1768 Dum
648 1716 715 1786 juga
726 1714 821 1765 montis
833 1730 904 1783 aper,
916 1712 1008 1765 fluvios
1020 1713 1081 1766 dum
1092 1716 1170 1785 piscis
1182 1716 1291 1779 amabit,

566 1799 687 1869 Dumque
699 1798 787 1867 thymo
799 1803 936 1867 pascentur
948 1815 1020 1868 apes,
1034 1799 1095 1851 dum
1106 1818 1163 1853 rore
1176 1801 1281 1867 cicadae,

565 1885 672 1954 Semper
683 1883 773 1944 honos,
784 1899 931 1950 nomenque
943 1888 1025 1947 tuum,
1037 1881 1178 1953 laudesque
1190 1887 1341 1940 manebunt.

461 2007 557 2081 Quod
574 2008 600 2069 si
616 2007 716 2070 duces
738 2005 770 2067 in
795 2004 942 2087 injuriam
959 2025 1049 2067 suam
1070 2005 1192 2089 aliquid
1215 2005 1338 2071 dictum
1353 2029 1415 2091 pu·

463 2120 540 2185 tant,
561 2109 736 2171 doceantur
758 2127 778 2169 a
798 2106 956 2189 principe,
979 2108 1144 2189 quianon
1170 2107 1203 2169 iu
1226 2108 1415 2191 perniciem,

460 2210 518 2275 aed
541 2213 675 2274 salutem
703 2210 922 2290 aegrotantium
947 2210 1157 2292 propinantur
1176 2231 1291 2274 amarae
1314 2209 1414 2273 medi-

462 2313 553 2375 cina).
600 2311 664 2373 llis
679 2309 862 2393 praemissis,
877 2309 918 2372 ad
934 2310 1056 2392 reliqua
1071 2309 1290 2392 progrediatur
1304 2310 1415 2374 oratio.

464 2530 545 2616 Cup.
565 2533 593 2594 1.
620 2530 714 2599 Quod
727 2549 844 2591 ruurrus
858 2527 1045 2611 reipublice
1059 2538 1121 2592 aut
1135 2537 1267 2593 armatu
1282 2538 1341 2608 eat,
1355 2538 1417 2594 ortt

526 2636 677 2705 irrermia·
702 2641 734 2698 et
749 2653 819 2717 que
835 2632 878 2693 sit
892 2633 1038 2709 inermis,
1053 2639 1084 2692 et
1100 2631 1140 2693 de
1154 2631 1256 2716 officio
1271 2633 1350 2717 ejus.

512 2779 637 2842 Manus
654 2779 761 2860 itaque
777 2775 978 2858 Reipublicae
994 2784 1050 2837 aut
1065 2784 1186 2837 armata
1197 2786 1255 2853 est,
1266 2785 1321 2839 aut
1332 2775 1416 2839 iner-

462 2880 533 2941 mis.
579 2880 708 2937 Aruiata
724 2873 853 2954 quidem
875 2886 934 2944 est,
951 2896 1023 2952 quae
1039 2886 1233 2934 castrensem
1255 2885 1287 2932 et
1302 2893 1415 2936 cruen-

461 2969 832 3038 taruexercetmilitiam·
865 2967 1093 3049 lnermis‚quae
1100 2968 1258 3048 justitiam
1270 2970 1418 3048 expedit,

463 3085 495 3138 et
506 3074 547 3135 ab
563 3071 659 3133 armis
670 3066 813 3131 feriendo
824 3065 907 3150 juris
923 3065 1044 3128 militias
1060 3065 1164 3129 servit.
1203 3066 1317 3149 Neque
1330 3068 1417 3133 enim

462 3171 648 3256 reipublice}
664 3167 804 3231 militant
819 3167 877 3230 soli
898 3166 956 3243 illi,
972 3167 1028 3250 qui
1048 3167 1148 3250 galeis
1168 3166 1416 3254 thoracibusque

464 3273 589 3348 muniti,
603 3272 637 3335 in
654 3271 763 3335 hostes
785 3281 937 3335 exercent
953 3269 1085 3351 gladios,
1102 3282 1157 3333 aut
1177 3270 1240 3333 tela
1254 3272 1418 3354 quaelibet,

464 3375 522 3441 sed
543 3386 575 3437 et
596 3375 722 3456 patroni
745 3395 922 3449 causarum,
944 3372 1000 3456 qui
1021 3373 1168 3455 gloriosae
1191 3373 1278 3436 rucis
1300 3375 1418 3439 confisi

463 3475 650 3550 munimine,
658 3475 749 3555 lapsa
764 3476 901 3554 erigunt,
912 3474 1044 3551 fatigata
1054 3486 1216 3555 reparaut3
1238 3495 1298 3537 nec
1311 3476 1419 3541 minus

463 3577 630 3664 provident
640 3574 781 3637 humano
797 3574 917 3656 generi,
927 3593 1024 3655 quarn
1040 3575 1066 3635 si
1082 3575 1295 3638 laborantium
1309 3578 1418 3660 vitam,

464 3700 566 3762 spem,
594 3684 814 3759 posterosque,
836 3693 993 3735 armorum
1021 3673 1173 3756 praesidio
1200 3677 1241 3739 ab
1268 3675 1416 3743 hostibus

465 3788 636 3843 tuerentur.
695 3774 840 3837 Militant
869 3786 901 3837 et
938 3775 1115 3856 publicani,
1145 3776 1354 3860 apparitores,
1375 3790 1418 3844 et

466 3878 621 3942 officiales
650 3876 793 3938 omnium
817 3874 975 3958 judicum.
1023 3877 1114 3940 Sicut
1143 3878 1228 3941 enirn
1258 3879 1321 3941 alia
1343 3891 1419 3945 sunt

467 3979 573 4043 officia
595 3977 695 4059 pacis,
719 3977 783 4039 alia
807 3978 895 4053 belli,
919 3977 964 4040 ita
989 3976 1100 4041 eadem
1126 4000 1260 4043 necesse
1287 3991 1336 4044 est
1360 4002 1419 4065 per

466 4081 546 4143 alios
571 4089 604 4141 et
627 4077 706 4139 alios
735 4076 890 4158 expediri.
950 4080 1081 4141 Armate
1109 4080 1217 4163 itaque
1248 4102 1361 4144 manus
1383 4082 1417 4145 in

464 4181 591 4244 hostem
611 4176 767 4240 duntaxat
789 4191 966 4252 exercetur,
983 4191 1016 4241 at
1036 4180 1165 4242 inermis
1183 4181 1366 4245 extenditur
1385 4194 1419 4256 et

464 4281 497 4341 in
514 4281 627 4342 civem.
674 4276 772 4340 Porro
789 4277 951 4361 utriusque
972 4280 1153 4343 necessaria
1172 4294 1221 4343 est
1236 4282 1418 4365 disciplina,

465 4378 1028 4462 quiautriusquesoletinsignisesse
1039 4380 1171 4442 malitia.
1196 4383 1417 4469 Ususquoqua
