4084 5634
620 900 660 958 76
874 912 1010 958 tonsure
1025 911 1300 962 saansnnrususrs
1433 900 1569 980 [amvi.

617 1065 763 1130 Tandem
784 1063 957 1148 aliquando
973 1065 1080 1149 ipsum
1095 1066 1195 1130 virum
1214 1067 1333 1133 laudas.
1381 1073 1457 1137 Hoc
1481 1075 1566 1137 enim

618 1187 680 1230 nec
702 1175 831 1248 epatre
860 1164 1085 1229 hereditarium
1112 1178 1171 1246 est,
1192 1191 1252 1233 nec
1275 1191 1353 1235 casu
1382 1172 1571 1256 pendulum,

618 1286 678 1329 nec
695 1265 876 1346 asuffragio
891 1265 1133 1348 adminiculum,
1143 1288 1203 1332 nec
1219 1289 1239 1331 a
1253 1290 1385 1355 corpore
1400 1271 1571 1351 caducum,

618 1387 678 1432 nec
700 1368 741 1430 ab
760 1375 852 1430 aetate
872 1366 1037 1430 mutabile.
1083 1369 1165 1433 Haec
1187 1371 1296 1436 omnia
1315 1394 1405 1437 meus
1420 1373 1568 1438 Socrates

617 1468 739 1546 habuit,
767 1478 800 1532 et
828 1466 902 1532 ideo
932 1479 1048 1532 caetera
1074 1470 1191 1533 habere
1222 1473 1426 1555 contempsit
1479 1474 1566 1546 Quin

616 1566 714 1649 igitur
729 1577 762 1632 et
776 1577 807 1631 te
822 1567 865 1632 nd
886 1566 1028 1633 studium
1043 1568 1208 1651 sapientie
1221 1569 1352 1652 ingeris,
1366 1572 1415 1636 rel
1430 1594 1569 1657 propera

617 1670 797 1748 saltemus
824 1670 906 1733 nihil
936 1671 1076 1734 alienum
1104 1670 1217 1736 audias
1244 1673 1276 1735 in
1305 1672 1455 1738 laudibus
1481 1675 1567 1752 tuis;

616 1769 673 1834 sed
688 1771 804 1855 ut‚.qui
820 1781 852 1834 te
867 1771 953 1834 volet
967 1769 1149 1849 nobilitare,
1162 1791 1254 1856 arque
1268 1771 1387 1851 laudet,
1402 1785 1438 1838 ut
1441 1775 1588 1873 Qus,

617 1871 747 1934 Ulixem
762 1869 872 1934 laudat
886 1870 919 1932 in
936 1868 1113 1948 Philoteca,
1121 1872 1225 1953 primo
1241 1872 1384 1957 ejusdem
1400 1873 1565 1957 tragoedia

616 1993 681 2035 suae
696 1970 875 2057 principio:

823 2101 933 2170 inelyte,
944 2119 1024 2174 parva
1034 2102 1143 2174 praedite
1154 2104 1252 2174 patris;

825 2185 939 2240 Nomine
950 2184 1055 2252 celebri,
1067 2186 1186 2256 claroque
1196 2193 1291 2260 potens

824 2272 942 2336 Pectore,
954 2271 1065 2326 Achivis
1075 2271 1201 2326 classibus
1211 2278 1308 2336 auctor,

823 2358 916 2412 Gravis
929 2359 1068 2411 Dardaniis
1079 2357 1202 2426 gentibus
1213 2356 1289 2422 ultor,

823 2444 972 2497 Laertiade.

613 2568 795 2633 Novissime
809 2578 931 2654 patrem
947 2579 1110 2632 memorat
1150 2567 1307 2632 caeterum
1323 2590 1435 2633 omnes
1450 2571 1561 2635 laudes

612 2672 681 2758 ejus
712 2672 769 2735 riri
805 2670 950 2735 audistis.
1005 2669 1099 2733 Nihil
1127 2669 1204 2733 inde
1233 2691 1294 2734 nec
1325 2672 1456 2736 Laertes
1486 2673 1562 2751 sibi,

610 2797 671 2840 nec
695 2774 850 2851 Anticlea,
865 2793 925 2836 nec
947 2771 1092 2836 Acrisius
1114 2771 1269 2837 vendicat
1315 2772 1397 2837 Haec
1422 2784 1499 2853 tota,
1521 2785 1557 2838 ut

610 2876 710 2954 vides,
724 2874 829 2938 laudis
843 2873 939 2956 hujus
954 2873 1083 2957 propria
1098 2874 1188 2937 Ulixi
1209 2876 1370 2958 possessio
1385 2886 1442 2938 est
1488 2877 1559 2938 Nec

610 2974 696 3039 aliud
712 2986 742 3036 te
762 2975 794 3035 in
813 2973 925 3035 eodem
943 2973 1043 3036 Ulixe
1058 2975 1221 3037 Homerus
1237 2976 1344 3052 docet,
1359 2977 1414 3058 qui
1435 2996 1561 3059 semper

609 3076 639 3140 ei
669 3073 816 3139 comitem
846 3072 947 3134 voluit
972 3092 1042 3134 esse
1053 3044 1285 3155 'pir'udsn‘tmm
1310 3096 1405 3159 quam
1429 3075 1558 3159 poetico

609 3179 670 3242 ritu
686 3174 865 3240 Minervam
887 3173 1096 3258 nuncupavit.
1141 3172 1244 3257 Igitur
1257 3175 1319 3240 hac
1334 3176 1445 3240 eadem
1460 3179 1557 3242 comi-

608 3290 705 3359 tante,
727 3278 837 3342 omnia
859 3276 1016 3341 horrenda
1042 3277 1149 3357 subiit,
1175 3277 1282 3343 omnia
1307 3277 1441 3343 adversa
1461 3301 1559 3365 supe·

606 3384 695 3448 ravit
741 3381 871 3467 Quippe
887 3402 925 3446 ea
941 3379 1098 3466 adjutrice
1114 3379 1269 3466 Cyclopis
1288 3402 1406 3464 specus
1425 3383 1557 3460 introiit,

607 3485 665 3549 sed
688 3504 834 3564 egressus
858 3492 916 3546 est·
961 3484 1045 3547 Solis
1073 3485 1173 3547 boves
1198 3483 1287 3555 vidit,
1313 3482 1369 3546 sed
1394 3485 1557 3548 abstinuit.

605 3584 657 3647 Ad
672 3582 790 3645 inferos
805 3581 973 3658 demeavit,
987 3583 1046 3645 sed
1060 3583 1215 3647 ascendit
1259 3581 1384 3646 Eadem
1399 3585 1558 3666 sapientia

606 3683 789 3758 comitante,
811 3681 952 3762 Scyllam
974 3683 1258 3765 proetemarigavit‚
1272 3703 1333 3747 nec
1353 3695 1480 3766 ereptus
1497 3698 1555 3762 est,

606 3783 769 3868 Charybdi
784 3793 958 3865 conseptus
972 3795 1031 3860 est,
1042 3804 1101 3847 nec
1114 3794 1223 3869 raptus
1238 3795 1295 3848 est
1334 3784 1444 3849 Circes
1454 3807 1552 3869 pocu-

603 3889 670 3952 lum
686 3885 777 3963 bibit,
792 3905 852 3948 nec
867 3893 1007 3946 mutatus
1022 3894 1079 3947 est.
1117 3883 1169 3948 Ad
1185 3884 1392 3968 Lotophagos
1407 3887 1554 3965 accessit,

603 4011 663 4056 noc
680 3986 840 4053 remansit.
886 3985 1016 4051 Sirenas
1031 3985 1143 4061 audiit,
1158 4008 1217 4051 nec
1233 3987 1380 4051 accessit.
