<?xml version="1.0" encoding="UTF-8"?>
<!DOCTYPE html PUBLIC "-//W3C//DTD XHTML 1.0 Transitional//EN"
    "http://www.w3.org/TR/xhtml1/DTD/xhtml1-transitional.dtd">
<html xmlns="http://www.w3.org/1999/xhtml" xml:lang="en" lang="en">
 <head>
  <title>
</title>
<meta http-equiv="Content-Type" content="text/html;charset=utf-8" />
  <meta name='ocr-system' content='tesseract 3.04.00' />
  <meta name='ocr-capabilities' content='ocr_page ocr_carea ocr_par ocr_line ocrx_word'/>
</head>
<body>
  <div class='ocr_page' id='page_1' title='image "./joannissaresber07johngoog_0157.png"; bbox 0 0 4084 5634; ppageno 0'>
   <div class='ocr_carea' id='block_1_1' title="bbox 537 829 1496 907">
    <p class='ocr_par' dir='ltr' id='par_1_1' title="bbox 537 829 1496 907">
     <span class='ocr_line' id='line_1_1' title="bbox 537 829 1496 907; baseline -0.002 -20"><span class='ocrx_word' id='word_1_1' title='bbox 537 844 607 890; x_wconf 77' lang='lat' dir='ltr'>cre.</span> <span class='ocrx_word' id='word_1_2' title='bbox 624 829 742 907; x_wconf 76' lang='lat' dir='ltr'>xvim]</span> <span class='ocrx_word' id='word_1_3' title='bbox 899 846 1155 891; x_wconf 74' lang='lat' dir='ltr'>aom&#39;ciurrcns.</span> <span class='ocrx_word' id='word_1_4' title='bbox 1441 829 1496 886; x_wconf 82' lang='lat'>151</span> 
     </span>
    </p>
   </div>
   <div class='ocr_carea' id='block_1_2' title="bbox 537 993 1510 4540">
    <p class='ocr_par' dir='ltr' id='par_1_2' title="bbox 537 993 1521 4540">
     <span class='ocr_line' id='line_1_2' title="bbox 539 993 1495 1083; baseline -0.002 -26"><span class='ocrx_word' id='word_1_5' title='bbox 539 994 634 1059; x_wconf 90' lang='lat' dir='ltr'>nibus</span> <span class='ocrx_word' id='word_1_6' title='bbox 656 1008 686 1060; x_wconf 88' lang='lat' dir='ltr'>et</span> <span class='ocrx_word' id='word_1_7' title='bbox 702 997 788 1060; x_wconf 90' lang='lat' dir='ltr'>omni</span> <span class='ocrx_word' id='word_1_8' title='bbox 811 997 1018 1083; x_wconf 86' lang='lat' dir='ltr'>promotionis</span> <span class='ocrx_word' id='word_1_9' title='bbox 1041 1019 1096 1082; x_wconf 87' lang='lat' dir='ltr'>spe</span> <span class='ocrx_word' id='word_1_10' title='bbox 1117 1009 1295 1073; x_wconf 82' lang='lat' dir='ltr'><strong>arceantur,</strong></span> <span class='ocrx_word' id='word_1_11' title='bbox 1309 993 1365 1078; x_wconf 93' lang='lat' dir='ltr'>qui</span> <span class='ocrx_word' id='word_1_12' title='bbox 1389 994 1495 1076; x_wconf 85' lang='lat' dir='ltr'>cujus·</span> 
     </span>
     <span class='ocr_line' id='line_1_3' title="bbox 538 1093 1495 1182; baseline 0.001 -25"><span class='ocrx_word' id='word_1_13' title='bbox 538 1094 615 1160; x_wconf 89' lang='lat' dir='ltr'>libet</span> <span class='ocrx_word' id='word_1_14' title='bbox 635 1096 786 1161; x_wconf 86' lang='lat' dir='ltr'>secularis</span> <span class='ocrx_word' id='word_1_15' title='bbox 802 1098 899 1163; x_wconf 85' lang='lat' dir='ltr'>curiae</span> <span class='ocrx_word' id='word_1_16' title='bbox 919 1113 1029 1163; x_wconf 91' lang='lat' dir='ltr'>emunt</span> <span class='ocrx_word' id='word_1_17' title='bbox 1045 1097 1156 1174; x_wconf 89' lang='lat' dir='ltr'>officia,</span> <span class='ocrx_word' id='word_1_18' title='bbox 1173 1109 1229 1161; x_wconf 90' lang='lat' dir='ltr'>aut</span> <span class='ocrx_word' id='word_1_19' title='bbox 1252 1097 1309 1182; x_wconf 89' lang='lat' dir='ltr'>qui</span> <span class='ocrx_word' id='word_1_20' title='bbox 1332 1093 1422 1167; x_wconf 85' lang='lat' dir='ltr'>viles,</span> <span class='ocrx_word' id='word_1_21' title='bbox 1438 1107 1495 1158; x_wconf 89' lang='lat' dir='ltr'>aut</span> 
     </span>
     <span class='ocr_line' id='line_1_4' title="bbox 539 1197 1493 1285; baseline 0.003 -27"><span class='ocrx_word' id='word_1_22' title='bbox 539 1197 665 1261; x_wconf 79' lang='lat' dir='ltr'>serviles</span> <span class='ocrx_word' id='word_1_23' title='bbox 694 1199 979 1265; x_wconf 81' lang='lat' dir='ltr'>obsecundationes</span> <span class='ocrx_word' id='word_1_24' title='bbox 1008 1199 1208 1285; x_wconf 81' lang='lat' dir='ltr'>principibus</span> <span class='ocrx_word' id='word_1_25' title='bbox 1241 1209 1406 1285; x_wconf 80' lang='lat' dir='ltr'>praestant,</span> <span class='ocrx_word' id='word_1_26' title='bbox 1437 1210 1493 1261; x_wconf 89' lang='lat' dir='ltr'>nut</span> 
     </span>
     <span class='ocr_line' id='line_1_5' title="bbox 538 1298 1494 1385; baseline 0 -23"><span class='ocrx_word' id='word_1_27' title='bbox 538 1322 675 1385; x_wconf 89' lang='lat' dir='ltr'>quorum</span> <span class='ocrx_word' id='word_1_28' title='bbox 703 1301 817 1367; x_wconf 82' lang='lat' dir='ltr'>electio</span> <span class='ocrx_word' id='word_1_29' title='bbox 842 1325 904 1366; x_wconf 92' lang='lat' dir='ltr'>nnn</span> <span class='ocrx_word' id='word_1_30' title='bbox 932 1316 979 1367; x_wconf 88' lang='lat' dir='ltr'>est</span> <span class='ocrx_word' id='word_1_31' title='bbox 1004 1325 1024 1366; x_wconf 83' lang='lat' dir='ltr'>a</span> <span class='ocrx_word' id='word_1_32' title='bbox 1046 1303 1130 1367; x_wconf 80' lang='lat' dir='ltr'>clero</span> <span class='ocrx_word' id='word_1_33' title='bbox 1155 1302 1186 1365; x_wconf 92' lang='lat' dir='ltr'>in</span> <span class='ocrx_word' id='word_1_34' title='bbox 1210 1301 1351 1375; x_wconf 85' lang='lat' dir='ltr'>ecclesis,</span> <span class='ocrx_word' id='word_1_35' title='bbox 1373 1311 1405 1363; x_wconf 92' lang='lat' dir='ltr'>et</span> <span class='ocrx_word' id='word_1_36' title='bbox 1429 1298 1494 1363; x_wconf 88' lang='lat' dir='ltr'>sine</span> 
     </span>
     <span class='ocr_line' id='line_1_6' title="bbox 538 1401 1493 1492; baseline 0.002 -28"><span class='ocrx_word' id='word_1_37' title='bbox 538 1403 819 1485; x_wconf 74' lang='lat' dir='ltr'>praenominatione</span> <span class='ocrx_word' id='word_1_38' title='bbox 839 1407 997 1492; x_wconf 89' lang='lat' dir='ltr'>cujusque</span> <span class='ocrx_word' id='word_1_39' title='bbox 1021 1404 1191 1468; x_wconf 87' lang='lat' dir='ltr'>mundanae</span> <span class='ocrx_word' id='word_1_40' title='bbox 1214 1401 1380 1490; x_wconf 80' lang='lat' dir='ltr'>potestatis</span> <span class='ocrx_word' id='word_1_41' title='bbox 1401 1425 1493 1466; x_wconf 84' lang='lat' dir='ltr'>cano·</span> 
     </span>
     <span class='ocr_line' id='line_1_7' title="bbox 537 1504 1492 1592; baseline 0.002 -27"><span class='ocrx_word' id='word_1_42' title='bbox 537 1505 608 1566; x_wconf 87' lang='lat' dir='ltr'>nica</span> <span class='ocrx_word' id='word_1_43' title='bbox 622 1505 798 1570; x_wconf 85' lang='lat' dir='ltr'>celebrata:</span> <span class='ocrx_word' id='word_1_44' title='bbox 827 1530 919 1592; x_wconf 88' lang='lat' dir='ltr'>quos,</span> <span class='ocrx_word' id='word_1_45' title='bbox 937 1508 961 1571; x_wconf 93' lang='lat' dir='ltr'>si</span> <span class='ocrx_word' id='word_1_46' title='bbox 978 1507 1070 1571; x_wconf 88' lang='lat' dir='ltr'>aliter</span> <span class='ocrx_word' id='word_1_47' title='bbox 1085 1506 1174 1570; x_wconf 88' lang='lat' dir='ltr'>electi</span> <span class='ocrx_word' id='word_1_48' title='bbox 1187 1505 1317 1578; x_wconf 81' lang='lat' dir='ltr'>fuerint,</span> <span class='ocrx_word' id='word_1_49' title='bbox 1334 1504 1394 1567; x_wconf 95' lang='lat' dir='ltr'>sub</span> <span class='ocrx_word' id='word_1_50' title='bbox 1410 1507 1492 1589; x_wconf 92' lang='lat' dir='ltr'>peri·</span> 
     </span>
     <span class='ocr_line' id='line_1_8' title="bbox 538 1605 1493 1692; baseline 0 -25"><span class='ocrx_word' id='word_1_51' title='bbox 538 1605 609 1668; x_wconf 89' lang='lat' dir='ltr'>culo</span> <span class='ocrx_word' id='word_1_52' title='bbox 624 1608 835 1671; x_wconf 80' lang='lat' dir='ltr'>anathematis</span> <span class='ocrx_word' id='word_1_53' title='bbox 857 1606 1043 1672; x_wconf 86' lang='lat' dir='ltr'>universalis</span> <span class='ocrx_word' id='word_1_54' title='bbox 1066 1606 1195 1671; x_wconf 83' lang='lat' dir='ltr'>ecclesia</span> <span class='ocrx_word' id='word_1_55' title='bbox 1217 1605 1366 1692; x_wconf 89' lang='lat' dir='ltr'>probibet</span> <span class='ocrx_word' id='word_1_56' title='bbox 1388 1627 1493 1668; x_wconf 91' lang='lat' dir='ltr'>conse-</span> 
     </span>
     <span class='ocr_line' id='line_1_9' title="bbox 538 1705 1491 1795; baseline 0.002 -27"><span class='ocrx_word' id='word_1_57' title='bbox 538 1710 630 1771; x_wconf 81' lang='lat' dir='ltr'>crari.</span> <span class='ocrx_word' id='word_1_58' title='bbox 667 1709 763 1772; x_wconf 86' lang='lat' dir='ltr'>Unus</span> <span class='ocrx_word' id='word_1_59' title='bbox 778 1709 957 1795; x_wconf 86' lang='lat' dir='ltr'>principum</span> <span class='ocrx_word' id='word_1_60' title='bbox 974 1727 1168 1785; x_wconf 88' lang='lat' dir='ltr'>nostrorum,</span> <span class='ocrx_word' id='word_1_61' title='bbox 1185 1708 1320 1771; x_wconf 89' lang='lat' dir='ltr'>nominis</span> <span class='ocrx_word' id='word_1_62' title='bbox 1336 1705 1491 1794; x_wconf 81' lang='lat' dir='ltr'>siquidem</span> 
     </span>
     <span class='ocr_line' id='line_1_10' title="bbox 539 1806 1493 1896; baseline 0.003 -26"><span class='ocrx_word' id='word_1_63' title='bbox 539 1806 705 1873; x_wconf 90' lang='lat' dir='ltr'>immemor</span> <span class='ocrx_word' id='word_1_64' title='bbox 720 1834 802 1889; x_wconf 69' lang='lat' dir='ltr'>sut»,</span> <span class='ocrx_word' id='word_1_65' title='bbox 814 1811 844 1873; x_wconf 93' lang='lat' dir='ltr'>in</span> <span class='ocrx_word' id='word_1_66' title='bbox 861 1834 957 1875; x_wconf 87' lang='lat' dir='ltr'>causa</span> <span class='ocrx_word' id='word_1_67' title='bbox 968 1810 1062 1874; x_wconf 89' lang='lat' dir='ltr'>simili</span> <span class='ocrx_word' id='word_1_68' title='bbox 1078 1810 1241 1896; x_wconf 84' lang='lat' dir='ltr'>egregium</span> <span class='ocrx_word' id='word_1_69' title='bbox 1256 1808 1378 1875; x_wconf 81' lang='lat' dir='ltr'>facinus</span> <span class='ocrx_word' id='word_1_70' title='bbox 1392 1808 1493 1892; x_wconf 79' lang='lat' dir='ltr'>egisse</span> 
     </span>
     <span class='ocr_line' id='line_1_11' title="bbox 541 1911 1493 2001; baseline 0.002 -30"><span class='ocrx_word' id='word_1_71' title='bbox 541 1924 746 1975; x_wconf 87' lang='lat' dir='ltr'>memoratur.</span> <span class='ocrx_word' id='word_1_72' title='bbox 778 1912 936 1977; x_wconf 85' lang='lat' dir='ltr'>Hauricus</span> <span class='ocrx_word' id='word_1_73' title='bbox 950 1913 1013 1977; x_wconf 82' lang='lat' dir='ltr'>tuit</span> <span class='ocrx_word' id='word_1_74' title='bbox 1033 1936 1072 1976; x_wconf 89' lang='lat' dir='ltr'>an</span> <span class='ocrx_word' id='word_1_75' title='bbox 1090 1911 1262 2001; x_wconf 81' lang='lat' dir='ltr'>Robertus,</span> <span class='ocrx_word' id='word_1_76' title='bbox 1278 1935 1338 1998; x_wconf 87' lang='lat' dir='ltr'>non</span> <span class='ocrx_word' id='word_1_77' title='bbox 1353 1911 1493 1999; x_wconf 87' lang='lat' dir='ltr'>multum</span> 
     </span>
     <span class='ocr_line' id='line_1_12' title="bbox 540 1986 1498 2100; baseline 0.002 -27"><span class='ocrx_word' id='word_1_78' title='bbox 540 2011 648 2076; x_wconf 83' lang='lat' dir='ltr'>refert.</span> <span class='ocrx_word' id='word_1_79' title='bbox 678 1986 1322 2100; x_wconf 47' lang='lat' dir='ltr'>Quumffmbffimis&#39;dnlffln“monachus</span> <span class='ocrx_word' id='word_1_80' title='bbox 1336 1998 1387 2076; x_wconf 77' lang='lat' dir='ltr'>all</span> <span class='ocrx_word' id='word_1_81' title='bbox 1398 1999 1498 2075; x_wconf 33' lang='lat' dir='ltr'>tibba-&#39;¹</span> 
     </span>
     <span class='ocr_line' id='line_1_13' title="bbox 543 2112 1494 2201; baseline 0.001 -26"><span class='ocrx_word' id='word_1_82' title='bbox 543 2112 632 2189; x_wconf 88' lang='lat' dir='ltr'>tiam,</span> <span class='ocrx_word' id='word_1_83' title='bbox 656 2137 751 2200; x_wconf 91' lang='lat' dir='ltr'>quam</span> <span class='ocrx_word' id='word_1_84' title='bbox 775 2130 971 2201; x_wconf 82' lang='lat' dir='ltr'>praeemerat,</span> <span class='ocrx_word' id='word_1_85' title='bbox 988 2127 1165 2191; x_wconf 87' lang='lat' dir='ltr'>vocaretur,</span> <span class='ocrx_word' id='word_1_86' title='bbox 1180 2127 1212 2178; x_wconf 89' lang='lat' dir='ltr'>et</span> <span class='ocrx_word' id='word_1_87' title='bbox 1234 2114 1287 2177; x_wconf 90' lang='lat' dir='ltr'>ille</span> <span class='ocrx_word' id='word_1_88' title='bbox 1309 2112 1494 2178; x_wconf 86' lang='lat' dir='ltr'>modestiam</span> 
     </span>
     <span class='ocr_line' id='line_1_14' title="bbox 541 2215 1498 2305; baseline 0.002 -29"><span class='ocrx_word' id='word_1_89' title='bbox 541 2215 703 2296; x_wconf 84' lang='lat' dir='ltr'>simulans,</span> <span class='ocrx_word' id='word_1_90' title='bbox 720 2231 754 2282; x_wconf 92' lang='lat' dir='ltr'>ut</span> <span class='ocrx_word' id='word_1_91' title='bbox 777 2218 901 2283; x_wconf 87' lang='lat' dir='ltr'>avidius</span> <span class='ocrx_word' id='word_1_92' title='bbox 923 2231 1097 2305; x_wconf 87' lang='lat' dir='ltr'>peteretur,</span> <span class='ocrx_word' id='word_1_93' title='bbox 1117 2239 1198 2281; x_wconf 89' lang='lat' dir='ltr'>onus</span> <span class='ocrx_word' id='word_1_94' title='bbox 1221 2218 1392 2303; x_wconf 82' lang='lat' dir='ltr'>refugeret,</span> <span class='ocrx_word' id='word_1_95' title='bbox 1407 2238 1498 2279; x_wconf 85' lang='lat' dir='ltr'>recu·</span> 
     </span>
     <span class='ocr_line' id='line_1_15' title="bbox 542 2317 1497 2407; baseline -0.001 -26"><span class='ocrx_word' id='word_1_96' title='bbox 542 2335 624 2384; x_wconf 86' lang='lat' dir='ltr'>saret</span> <span class='ocrx_word' id='word_1_97' title='bbox 640 2320 801 2395; x_wconf 85' lang='lat' dir='ltr'>honorem.</span> <span class='ocrx_word' id='word_1_98' title='bbox 817 2335 848 2386; x_wconf 88' lang='lat' dir='ltr'>et</span> <span class='ocrx_word' id='word_1_99' title='bbox 869 2343 901 2385; x_wconf 86' lang='lat' dir='ltr'>se</span> <span class='ocrx_word' id='word_1_100' title='bbox 917 2322 1020 2407; x_wconf 83' lang='lat' dir='ltr'>palam</span> <span class='ocrx_word' id='word_1_101' title='bbox 1045 2335 1142 2386; x_wconf 86' lang='lat' dir='ltr'>tantae</span> <span class='ocrx_word' id='word_1_102' title='bbox 1158 2321 1201 2383; x_wconf 88' lang='lat' dir='ltr'>rei</span> <span class='ocrx_word' id='word_1_103' title='bbox 1225 2321 1378 2384; x_wconf 78' lang='lat' dir='ltr'>fateretur</span> <span class='ocrx_word' id='word_1_104' title='bbox 1394 2317 1497 2402; x_wconf 84' lang='lat' dir='ltr'>indig-</span> 
     </span>
     <span class='ocr_line' id='line_1_16' title="bbox 543 2420 1494 2510; baseline -0.002 -26"><span class='ocrx_word' id='word_1_105' title='bbox 543 2444 635 2486; x_wconf 89' lang='lat' dir='ltr'>num:</span> <span class='ocrx_word' id='word_1_106' title='bbox 654 2430 675 2459; x_wconf 92' lang='lat'><strong>“</strong></span> <span class='ocrx_word' id='word_1_107' title='bbox 687 2423 812 2502; x_wconf 83' lang='lat' dir='ltr'>Plane‚”</span> <span class='ocrx_word' id='word_1_108' title='bbox 823 2425 929 2509; x_wconf 89' lang='lat' dir='ltr'>inquit</span> <span class='ocrx_word' id='word_1_109' title='bbox 940 2422 1282 2510; x_wconf 85' lang='lat' dir='ltr'>princeps,“indignus</span> <span class='ocrx_word' id='word_1_110' title='bbox 1292 2420 1494 2507; x_wconf 87' lang='lat' dir='ltr'>es,quiaenm</span> 
     </span>
     <span class='ocr_line' id='line_1_17' title="bbox 542 2520 1496 2611; baseline -0.003 -26"><span class='ocrx_word' id='word_1_111' title='bbox 542 2523 635 2603; x_wconf 89' lang='lat' dir='ltr'>clam,</span> <span class='ocrx_word' id='word_1_112' title='bbox 649 2525 725 2588; x_wconf 82' lang='lat' dir='ltr'>data</span> <span class='ocrx_word' id='word_1_113' title='bbox 740 2526 819 2589; x_wconf 86' lang='lat' dir='ltr'>milri</span> <span class='ocrx_word' id='word_1_114' title='bbox 834 2539 923 2590; x_wconf 89' lang='lat' dir='ltr'>tanta</span> <span class='ocrx_word' id='word_1_115' title='bbox 938 2527 1073 2611; x_wconf 81' lang='lat' dir='ltr'>pecunia</span> <span class='ocrx_word' id='word_1_116' title='bbox 1087 2527 1317 2608; x_wconf 83' lang='lat' dir='ltr'>(summamque</span> <span class='ocrx_word' id='word_1_117' title='bbox 1330 2520 1496 2606; x_wconf 61' lang='lat' dir='ltr'>expressit)</span> 
     </span>
     <span class='ocr_line' id='line_1_18' title="bbox 543 2625 1499 2713; baseline -0.004 -25"><span class='ocrx_word' id='word_1_118' title='bbox 543 2625 657 2690; x_wconf 86' lang='lat' dir='ltr'>emisti.</span> <span class='ocrx_word' id='word_1_119' title='bbox 705 2628 766 2690; x_wconf 90' lang='lat' dir='ltr'>Sed</span> <span class='ocrx_word' id='word_1_120' title='bbox 793 2628 1054 2713; x_wconf 84' lang='lat' dir='ltr'>quandoquidem</span> <span class='ocrx_word' id='word_1_121' title='bbox 1082 2650 1139 2712; x_wconf 90' lang='lat' dir='ltr'>per</span> <span class='ocrx_word' id='word_1_122' title='bbox 1168 2649 1219 2689; x_wconf 91' lang='lat' dir='ltr'>me</span> <span class='ocrx_word' id='word_1_123' title='bbox 1245 2647 1306 2687; x_wconf 90' lang='lat' dir='ltr'>non</span> <span class='ocrx_word' id='word_1_124' title='bbox 1333 2634 1406 2700; x_wconf 90' lang='lat' dir='ltr'>stat,</span> <span class='ocrx_word' id='word_1_125' title='bbox 1432 2644 1499 2707; x_wconf 90' lang='lat' dir='ltr'>quo</span> 
     </span>
     <span class='ocr_line' id='line_1_19' title="bbox 545 2726 1496 2816; baseline -0.002 -27"><span class='ocrx_word' id='word_1_126' title='bbox 545 2727 650 2791; x_wconf 89' lang='lat' dir='ltr'>minus</span> <span class='ocrx_word' id='word_1_127' title='bbox 671 2729 778 2815; x_wconf 86' lang='lat' dir='ltr'>pactio</span> <span class='ocrx_word' id='word_1_128' title='bbox 799 2729 982 2816; x_wconf 84' lang='lat' dir='ltr'>impleatur,</span> <span class='ocrx_word' id='word_1_129' title='bbox 1004 2729 1139 2794; x_wconf 84' lang='lat' dir='ltr'>liberum</span> <span class='ocrx_word' id='word_1_130' title='bbox 1164 2752 1213 2792; x_wconf 83' lang='lat' dir='ltr'>ine</span> <span class='ocrx_word' id='word_1_131' title='bbox 1240 2727 1349 2792; x_wconf 88' lang='lat' dir='ltr'>haberi</span> <span class='ocrx_word' id='word_1_132' title='bbox 1371 2726 1496 2811; x_wconf 87' lang='lat' dir='ltr'>justum</span> 
     </span>
     <span class='ocr_line' id='line_1_20' title="bbox 545 2825 1499 2914; baseline 0 -25"><span class='ocrx_word' id='word_1_133' title='bbox 545 2840 604 2902; x_wconf 90' lang='lat' dir='ltr'>est,</span> <span class='ocrx_word' id='word_1_134' title='bbox 621 2841 652 2891; x_wconf 87' lang='lat' dir='ltr'>et</span> <span class='ocrx_word' id='word_1_135' title='bbox 668 2842 703 2892; x_wconf 92' lang='lat' dir='ltr'>tu</span> <span class='ocrx_word' id='word_1_136' title='bbox 720 2827 849 2890; x_wconf 90' lang='lat' dir='ltr'>domum</span> <span class='ocrx_word' id='word_1_137' title='bbox 868 2827 991 2900; x_wconf 87' lang='lat' dir='ltr'>redeas;</span> <span class='ocrx_word' id='word_1_138' title='bbox 1016 2841 1047 2891; x_wconf 90' lang='lat' dir='ltr'>et</span> <span class='ocrx_word' id='word_1_139' title='bbox 1064 2828 1119 2914; x_wconf 88' lang='lat' dir='ltr'>qui</span> <span class='ocrx_word' id='word_1_140' title='bbox 1136 2827 1253 2911; x_wconf 88' lang='lat' dir='ltr'>dignus</span> <span class='ocrx_word' id='word_1_141' title='bbox 1268 2838 1326 2906; x_wconf 87' lang='lat' dir='ltr'>est,</span> <span class='ocrx_word' id='word_1_142' title='bbox 1337 2825 1499 2890; x_wconf 83' lang='lat' dir='ltr'>destitutae</span> 
     </span>
     <span class='ocr_line' id='line_1_21' title="bbox 545 2927 1499 3015; baseline 0.002 -24"><span class='ocrx_word' id='word_1_143' title='bbox 545 2930 738 3015; x_wconf 73' lang='lat' dir='ltr'>praeficiatur</span> <span class='ocrx_word' id='word_1_144' title='bbox 751 2929 920 2993; x_wconf 83' lang='lat' dir='ltr'>ecclesiae.&#39;&#39;</span> <span class='ocrx_word' id='word_1_145' title='bbox 956 2929 1017 2995; x_wconf 79' lang='lat' dir='ltr'>sed</span> <span class='ocrx_word' id='word_1_146' title='bbox 1040 2951 1122 2994; x_wconf 88' lang='lat' dir='ltr'>nunc</span> <span class='ocrx_word' id='word_1_147' title='bbox 1143 2928 1235 3013; x_wconf 85' lang='lat' dir='ltr'>longe</span> <span class='ocrx_word' id='word_1_148' title='bbox 1254 2927 1344 2993; x_wconf 87' lang='lat' dir='ltr'>aliter</span> <span class='ocrx_word' id='word_1_149' title='bbox 1359 2928 1499 2993; x_wconf 88' lang='lat' dir='ltr'>succedit</span> 
     </span>
     <span class='ocr_line' id='line_1_22' title="bbox 545 3028 1498 3116; baseline 0 -24"><span class='ocrx_word' id='word_1_150' title='bbox 545 3031 721 3095; x_wconf 86' lang='lat' dir='ltr'>excusatori</span> <span class='ocrx_word' id='word_1_151' title='bbox 731 3028 908 3095; x_wconf 88' lang='lat' dir='ltr'>ambitioso.</span> <span class='ocrx_word' id='word_1_152' title='bbox 935 3029 1337 3116; x_wconf 87' lang='lat' dir='ltr'>Haecenim,etaliaquam</span> <span class='ocrx_word' id='word_1_153' title='bbox 1348 3030 1498 3115; x_wconf 88' lang='lat' dir='ltr'>plurima,</span> 
     </span>
     <span class='ocr_line' id='line_1_23' title="bbox 546 3131 1496 3218; baseline -0.003 -22"><span class='ocrx_word' id='word_1_154' title='bbox 546 3133 750 3218; x_wconf 84' lang='lat' dir='ltr'>multiplicat,</span> <span class='ocrx_word' id='word_1_155' title='bbox 764 3147 799 3197; x_wconf 90' lang='lat' dir='ltr'>ut</span> <span class='ocrx_word' id='word_1_156' title='bbox 815 3134 964 3197; x_wconf 87' lang='lat' dir='ltr'>credatur</span> <span class='ocrx_word' id='word_1_157' title='bbox 980 3132 1063 3196; x_wconf 89' lang='lat' dir='ltr'>nolle</span> <span class='ocrx_word' id='word_1_158' title='bbox 1074 3132 1161 3218; x_wconf 90' lang='lat' dir='ltr'>quod</span> <span class='ocrx_word' id='word_1_159' title='bbox 1178 3132 1312 3217; x_wconf 87' lang='lat' dir='ltr'>appetit,</span> <span class='ocrx_word' id='word_1_160' title='bbox 1323 3145 1355 3195; x_wconf 93' lang='lat' dir='ltr'>et</span> <span class='ocrx_word' id='word_1_161' title='bbox 1370 3131 1496 3197; x_wconf 88' lang='lat' dir='ltr'>tandem</span> 
     </span>
     <span class='ocr_line' id='line_1_24' title="bbox 546 3231 1500 3320; baseline -0.001 -24"><span class='ocrx_word' id='word_1_162' title='bbox 546 3235 646 3317; x_wconf 78' lang='lat' dir='ltr'>gratis</span> <span class='ocrx_word' id='word_1_163' title='bbox 669 3235 821 3317; x_wconf 87' lang='lat' dir='ltr'>accipere,</span> <span class='ocrx_word' id='word_1_164' title='bbox 843 3235 931 3318; x_wconf 88' lang='lat' dir='ltr'>quod</span> <span class='ocrx_word' id='word_1_165' title='bbox 959 3236 1112 3320; x_wconf 85' lang='lat' dir='ltr'>praeemit.</span> <span class='ocrx_word' id='word_1_166' title='bbox 1151 3235 1248 3297; x_wconf 92' lang='lat' dir='ltr'>Unde</span> <span class='ocrx_word' id='word_1_167' title='bbox 1274 3247 1425 3318; x_wconf 89' lang='lat' dir='ltr'>tanquam</span> <span class='ocrx_word' id='word_1_168' title='bbox 1453 3231 1500 3295; x_wconf 86' lang='lat' dir='ltr'>vir</span> 
     </span>
     <span class='ocr_line' id='line_1_25' title="bbox 547 3332 1499 3421; baseline 0.001 -25"><span class='ocrx_word' id='word_1_169' title='bbox 547 3335 711 3398; x_wconf 73' lang='lat' dir='ltr'>modestiae</span> <span class='ocrx_word' id='word_1_170' title='bbox 722 3334 893 3418; x_wconf 81' lang='lat' dir='ltr'>singularis</span> <span class='ocrx_word' id='word_1_171' title='bbox 907 3335 1044 3421; x_wconf 85' lang='lat' dir='ltr'>capitur,</span> <span class='ocrx_word' id='word_1_172' title='bbox 1057 3335 1205 3412; x_wconf 84' lang='lat' dir='ltr'>trahitur,</span> <span class='ocrx_word' id='word_1_173' title='bbox 1216 3350 1247 3399; x_wconf 88' lang='lat' dir='ltr'>et</span> <span class='ocrx_word' id='word_1_174' title='bbox 1262 3335 1300 3399; x_wconf 84' lang='lat' dir='ltr'>ad</span> <span class='ocrx_word' id='word_1_175' title='bbox 1318 3332 1499 3397; x_wconf 87' lang='lat' dir='ltr'>cathedram</span> 
     </span>
     <span class='ocr_line' id='line_1_26' title="bbox 547 3433 1502 3514; baseline 0 -16"><span class='ocrx_word' id='word_1_176' title='bbox 547 3433 819 3500; x_wconf 85' lang='lat' dir='ltr'>conclamantibus</span> <span class='ocrx_word' id='word_1_177' title='bbox 845 3434 958 3506; x_wconf 86' lang='lat' dir='ltr'>turbis,</span> <span class='ocrx_word' id='word_1_178' title='bbox 985 3433 1225 3499; x_wconf 88' lang='lat' dir='ltr'>concinentibus</span> <span class='ocrx_word' id='word_1_179' title='bbox 1254 3434 1369 3514; x_wconf 90' lang='lat' dir='ltr'>choris,</span> <span class='ocrx_word' id='word_1_180' title='bbox 1394 3434 1502 3499; x_wconf 88' lang='lat' dir='ltr'>multi·</span> 
     </span>
     <span class='ocr_line' id='line_1_27' title="bbox 549 3534 1499 3621; baseline -0.001 -20"><span class='ocrx_word' id='word_1_181' title='bbox 549 3536 662 3601; x_wconf 89' lang='lat' dir='ltr'>tudine</span> <span class='ocrx_word' id='word_1_182' title='bbox 681 3557 807 3621; x_wconf 90' lang='lat' dir='ltr'>pressus</span> <span class='ocrx_word' id='word_1_183' title='bbox 821 3534 1002 3598; x_wconf 86' lang='lat' dir='ltr'>deducitur.</span> <span class='ocrx_word' id='word_1_184' title='bbox 1043 3534 1111 3597; x_wconf 91' lang='lat' dir='ltr'>Nec</span> <span class='ocrx_word' id='word_1_185' title='bbox 1127 3534 1254 3621; x_wconf 84' lang='lat' dir='ltr'>prodest</span> <span class='ocrx_word' id='word_1_186' title='bbox 1270 3535 1499 3619; x_wconf 79' lang='lat' dir='ltr'>ignobilitatem</span> 
     </span>
     <span class='ocr_line' id='line_1_28' title="bbox 549 3636 1501 3725; baseline 0 -23"><span class='ocrx_word' id='word_1_187' title='bbox 549 3637 756 3724; x_wconf 87' lang='lat' dir='ltr'>praetendisse</span> <span class='ocrx_word' id='word_1_188' title='bbox 771 3637 884 3714; x_wconf 86' lang='lat' dir='ltr'>carnis,</span> <span class='ocrx_word' id='word_1_189' title='bbox 900 3649 957 3700; x_wconf 83' lang='lat' dir='ltr'>aut</span> <span class='ocrx_word' id='word_1_190' title='bbox 973 3636 1148 3721; x_wconf 85' lang='lat' dir='ltr'>sanguinis,</span> <span class='ocrx_word' id='word_1_191' title='bbox 1163 3639 1302 3722; x_wconf 88' lang='lat' dir='ltr'>eoquod</span> <span class='ocrx_word' id='word_1_192' title='bbox 1319 3638 1501 3725; x_wconf 82' lang='lat' dir='ltr'>imperatori</span> 
     </span>
     <span class='ocr_line' id='line_1_29' title="bbox 549 3739 1501 3826; baseline 0 -21"><span class='ocrx_word' id='word_1_193' title='bbox 549 3764 610 3805; x_wconf 92' lang='lat' dir='ltr'>non</span> <span class='ocrx_word' id='word_1_194' title='bbox 627 3739 785 3826; x_wconf 88' lang='lat' dir='ltr'>quaeritur</span> <span class='ocrx_word' id='word_1_195' title='bbox 799 3762 969 3817; x_wconf 86' lang='lat' dir='ltr'>successor,</span> <span class='ocrx_word' id='word_1_196' title='bbox 986 3740 1040 3804; x_wconf 86' lang='lat' dir='ltr'>sed</span> <span class='ocrx_word' id='word_1_197' title='bbox 1053 3741 1223 3825; x_wconf 82' lang='lat' dir='ltr'>piscatori3</span> <span class='ocrx_word' id='word_1_198' title='bbox 1248 3741 1330 3805; x_wconf 85' lang='lat' dir='ltr'>labri</span> <span class='ocrx_word' id='word_1_199' title='bbox 1346 3741 1423 3818; x_wconf 88' lang='lat' dir='ltr'>filio,</span> <span class='ocrx_word' id='word_1_200' title='bbox 1440 3762 1501 3805; x_wconf 93' lang='lat' dir='ltr'>non</span> 
     </span>
     <span class='ocr_line' id='line_1_30' title="bbox 551 3842 1504 3929; baseline 0 -23"><span class='ocrx_word' id='word_1_201' title='bbox 551 3845 710 3927; x_wconf 89' lang='lat' dir='ltr'>Augusto.</span> <span class='ocrx_word' id='word_1_202' title='bbox 742 3842 911 3906; x_wconf 84' lang='lat' dir='ltr'>Scientiam</span> <span class='ocrx_word' id='word_1_203' title='bbox 927 3857 1074 3906; x_wconf 85' lang='lat' dir='ltr'>accurata</span> <span class='ocrx_word' id='word_1_204' title='bbox 1086 3842 1249 3906; x_wconf 77' lang='lat' dir='ltr'>excusatio</span> <span class='ocrx_word' id='word_1_205' title='bbox 1261 3843 1380 3929; x_wconf 87' lang='lat' dir='ltr'>prodit,</span> <span class='ocrx_word' id='word_1_206' title='bbox 1389 3857 1421 3908; x_wconf 92' lang='lat' dir='ltr'>et</span> <span class='ocrx_word' id='word_1_207' title='bbox 1433 3843 1504 3906; x_wconf 86' lang='lat' dir='ltr'>reli·</span> 
     </span>
     <span class='ocr_line' id='line_1_31' title="bbox 550 3944 1503 4029; baseline -0.002 -21"><span class='ocrx_word' id='word_1_208' title='bbox 550 3947 658 4029; x_wconf 86' lang='lat' dir='ltr'>giosus</span> <span class='ocrx_word' id='word_1_209' title='bbox 673 3968 739 4007; x_wconf 88' lang='lat' dir='ltr'>esse</span> <span class='ocrx_word' id='word_1_210' title='bbox 750 3945 949 4008; x_wconf 80' lang='lat' dir='ltr'>convincitur</span> <span class='ocrx_word' id='word_1_211' title='bbox 960 3967 999 4007; x_wconf 80' lang='lat' dir='ltr'>ex</span> <span class='ocrx_word' id='word_1_212' title='bbox 1011 3966 1059 4019; x_wconf 92' lang='lat' dir='ltr'>eo,</span> <span class='ocrx_word' id='word_1_213' title='bbox 1071 3944 1158 4029; x_wconf 92' lang='lat' dir='ltr'>quod</span> <span class='ocrx_word' id='word_1_214' title='bbox 1172 3944 1326 4009; x_wconf 90' lang='lat' dir='ltr'>invitatus</span> <span class='ocrx_word' id='word_1_215' title='bbox 1336 3944 1503 4008; x_wconf 85' lang='lat' dir='ltr'>ascendere</span> 
     </span>
     <span class='ocr_line' id='line_1_32' title="bbox 550 4045 1504 4132; baseline -0.001 -21"><span class='ocrx_word' id='word_1_216' title='bbox 550 4047 673 4111; x_wconf 85' lang='lat' dir='ltr'>diutius</span> <span class='ocrx_word' id='word_1_217' title='bbox 683 4045 854 4115; x_wconf 83' lang='lat' dir='ltr'>recusavit;</span> <span class='ocrx_word' id='word_1_218' title='bbox 881 4046 966 4108; x_wconf 85' lang='lat' dir='ltr'>visus</span> <span class='ocrx_word' id='word_1_219' title='bbox 976 4060 1023 4108; x_wconf 87' lang='lat' dir='ltr'>est</span> <span class='ocrx_word' id='word_1_220' title='bbox 1034 4046 1116 4108; x_wconf 86' lang='lat' dir='ltr'>enirn</span> <span class='ocrx_word' id='word_1_221' title='bbox 1135 4046 1283 4126; x_wconf 91' lang='lat' dir='ltr'>noluisse,</span> <span class='ocrx_word' id='word_1_222' title='bbox 1292 4047 1347 4132; x_wconf 91' lang='lat' dir='ltr'>qui</span> <span class='ocrx_word' id='word_1_223' title='bbox 1364 4046 1504 4111; x_wconf 75' lang='lat' dir='ltr'>distulit.</span> 
     </span>
     <span class='ocr_line' id='line_1_33' title="bbox 552 4143 1506 4231; baseline 0 -21"><span class='ocrx_word' id='word_1_224' title='bbox 552 4149 712 4224; x_wconf 72' lang='lat' dir='ltr'>Quaei&#39;ero</span> <span class='ocrx_word' id='word_1_225' title='bbox 722 4143 761 4208; x_wconf 86' lang='lat' dir='ltr'>de</span> <span class='ocrx_word' id='word_1_226' title='bbox 771 4145 1010 4210; x_wconf 85' lang='lat' dir='ltr'>canonibussibi</span> <span class='ocrx_word' id='word_1_227' title='bbox 1017 4147 1179 4231; x_wconf 87' lang='lat' dir='ltr'>opposuit,</span> <span class='ocrx_word' id='word_1_228' title='bbox 1188 4146 1296 4210; x_wconf 86' lang='lat' dir='ltr'>habita</span> <span class='ocrx_word' id='word_1_229' title='bbox 1306 4147 1425 4211; x_wconf 86' lang='lat' dir='ltr'>ratione</span> <span class='ocrx_word' id='word_1_230' title='bbox 1437 4148 1506 4227; x_wconf 90' lang='lat' dir='ltr'>loci,</span> 
     </span>
     <span class='ocr_line' id='line_1_34' title="bbox 551 4249 1507 4334; baseline 0.003 -23"><span class='ocrx_word' id='word_1_231' title='bbox 551 4252 712 4334; x_wconf 83' lang='lat' dir='ltr'>temporis,</span> <span class='ocrx_word' id='word_1_232' title='bbox 724 4263 755 4311; x_wconf 90' lang='lat' dir='ltr'>et</span> <span class='ocrx_word' id='word_1_233' title='bbox 768 4269 921 4332; x_wconf 73' lang='lat' dir='ltr'>personae,</span> <span class='ocrx_word' id='word_1_234' title='bbox 932 4249 1027 4311; x_wconf 88' lang='lat' dir='ltr'>simili</span> <span class='ocrx_word' id='word_1_235' title='bbox 1042 4249 1091 4311; x_wconf 87' lang='lat' dir='ltr'>via</span> <span class='ocrx_word' id='word_1_236' title='bbox 1109 4249 1306 4313; x_wconf 88' lang='lat' dir='ltr'>tendentium</span> <span class='ocrx_word' id='word_1_237' title='bbox 1320 4249 1359 4312; x_wconf 90' lang='lat' dir='ltr'>ad</span> <span class='ocrx_word' id='word_1_238' title='bbox 1374 4249 1507 4314; x_wconf 86' lang='lat' dir='ltr'>honores</span> 
     </span>
     <span class='ocr_line' id='line_1_35' title="bbox 549 4350 1507 4435; baseline 0.002 -23"><span class='ocrx_word' id='word_1_239' title='bbox 549 4350 631 4412; x_wconf 86' lang='lat' dir='ltr'>socia</span> <span class='ocrx_word' id='word_1_240' title='bbox 661 4350 834 4414; x_wconf 90' lang='lat' dir='ltr'>multitudo</span> <span class='ocrx_word' id='word_1_241' title='bbox 864 4350 1038 4435; x_wconf 86' lang='lat' dir='ltr'>dispensat.</span> <span class='ocrx_word' id='word_1_242' title='bbox 1084 4353 1118 4414; x_wconf 83' lang='lat' dir='ltr'>Si</span> <span class='ocrx_word' id='word_1_243' title='bbox 1145 4351 1185 4412; x_wconf 89' lang='lat' dir='ltr'>de</span> <span class='ocrx_word' id='word_1_244' title='bbox 1212 4352 1422 4435; x_wconf 74' lang='lat' dir='ltr'>praesentibus</span> <span class='ocrx_word' id='word_1_245' title='bbox 1449 4354 1507 4417; x_wconf 90' lang='lat' dir='ltr'>niti</span> 
     </span>
     <span class='ocr_line' id='line_1_36' title="bbox 549 4452 1510 4540; baseline 0.001 -27"><span class='ocrx_word' id='word_1_246' title='bbox 549 4465 723 4535; x_wconf 86' lang='lat' dir='ltr'>nequeunt,</span> <span class='ocrx_word' id='word_1_247' title='bbox 743 4470 799 4516; x_wconf 86' lang='lat' dir='ltr'>out</span> <span class='ocrx_word' id='word_1_248' title='bbox 823 4452 1003 4535; x_wconf 61' lang='lat' dir='ltr'>praeteritis,</span> <span class='ocrx_word' id='word_1_249' title='bbox 1028 4452 1176 4515; x_wconf 81' lang='lat' dir='ltr'>futurum</span> <span class='ocrx_word' id='word_1_250' title='bbox 1202 4454 1414 4519; x_wconf 80' lang='lat' dir='ltr'>vaticinantur</span> <span class='ocrx_word' id='word_1_251' title='bbox 1438 4479 1510 4540; x_wconf 86' lang='lat' dir='ltr'>pro.</span> 
     </span>
    </p>
   </div>
   <div class='ocr_carea' id='block_1_3' title="bbox 0 0 2070 5634">
    <p class='ocr_par' dir='ltr' id='par_1_3' title="bbox 0 0 2070 5634">
     <span class='ocr_line' id='line_1_37' title="bbox 0 0 2070 5634; baseline 0 0"><span class='ocrx_word' id='word_1_252' title='bbox 0 0 2070 5634; x_wconf 95' lang='lat' dir='ltr'> </span> 
     </span>
    </p>
   </div>
  </div>
 </body>
</html>
