4084 5634
538 781 609 827 cae.
625 765 717 844 ann]
877 781 1131 828 eonrcaarrcos.
1428 767 1490 826 287

540 932 721 999 hominibus
744 947 905 998 contracta
927 935 1076 998 societate
1102 933 1241 996 miscere.
1288 935 1492 999 Consentium

538 1033 632 1100 facile
661 1036 882 1102 litteratiorem
912 1036 1055 1102 extitisse
1085 1035 1330 1113 Quintilianum,
1357 1048 1388 1100 et
1418 1059 1493 1101 acu·

539 1136 635 1215 mine,
658 1151 690 1202 et
711 1139 869 1223 gravitate
896 1137 1021 1203 dicendi
1044 1137 1233 1224 praecedere.
1279 1141 1322 1202 At
1344 1137 1398 1200 ille
1424 1139 1495 1203 dili-

539 1237 665 1320 geutior
679 1253 738 1315 est,
750 1252 784 1303 et
799 1252 955 1324 qnantum
973 1237 1005 1300 in
1022 1237 1187 1302 rhetoricis
1202 1237 1352 1314 vincitur,
1369 1250 1495 1302 tantum

541 1338 639 1404 vincit
654 1339 685 1402 in
696 1340 808 1404 ethica.
853 1340 927 1424 lpse
943 1361 1074 1424 quoque
1090 1337 1307 1414 Quintilianus
1322 1338 1354 1401 in
1371 1339 1494 1426 magnis

540 1452 571 1503 et
589 1439 758 1525 praecipuis
773 1439 865 1503 bonis
884 1437 1101 1524 frugalitatem
1124 1438 1226 1517 ducit,
1239 1451 1271 1501 et
1286 1439 1319 1500 in
1336 1462 1495 1503 commen·

540 1539 670 1604 datione
689 1542 759 1625 ejus
778 1550 886 1605 tantus
905 1553 964 1619 est,
983 1554 1019 1604 nt
1042 1539 1092 1603 vel
1117 1539 1204 1603 solus
1221 1539 1321 1625 possit
1344 1539 1495 1605 sufficere.

542 1637 627 1714 Quis
643 1654 746 1703 tamen
762 1653 808 1704 est
826 1639 881 1726 qui
898 1662 959 1702 non
975 1639 1111 1704 laudet?
1135 1640 1216 1714 Quis
1231 1662 1292 1704 non
1309 1662 1377 1704 eam
1390 1663 1495 1705 neces·

541 1743 654 1806 sariam
672 1741 796 1805 credit?
821 1742 872 1804 Ne
889 1755 993 1805 tamen
1017 1766 1035 1804 a
1053 1742 1224 1806 luxuriosis
1245 1765 1362 1827 arguar
1381 1766 1496 1807 avarus

542 1841 738 1927 frugalitatis
760 1839 918 1916 laudator,
942 1863 1010 1903 eam
1036 1840 1217 1905 liberalitati
1240 1842 1335 1906 credo
1349 1856 1381 1906 et
1397 1842 1497 1907 fateor
1600 1842 1606 1854 '

543 1942 712 2007 oohaerere.
758 1941 870 2006 Cicero
886 1941 962 2003 mihi
978 1941 1068 2005 testis
1082 1956 1141 2017 est,
1156 1956 1188 2006 et
1204 1942 1315 2007 Julius
1331 1944 1449 2023 Caesar,
1464 1957 1495 2006 et

543 2043 609 2120 alii,
626 2065 706 2129 quos
721 2064 813 2105 nemo
832 2043 1011 2107 tenacitatis
1027 2043 1210 2107 insimulare
1226 2057 1407 2131 praesumet.
1430 2043 1496 2108 Ad·

544 2165 656 2208 versus
670 2144 752 2208 hanc
767 2145 869 2208 multa
884 2145 1032 2229 superius
1046 2145 1133 2210 dicta
1148 2159 1234 2225 sunt,
1250 2158 1282 2209 et
1297 2145 1498 2211 liberalitatis

543 2245 645 2311 officia
675 2267 715 2309 ex
746 2245 835 2310 libris
863 2246 1038 2311 officiorum
1069 2246 1161 2312 facile
1190 2249 1395 2313 innotescent.
1450 2249 1498 2313 Ut

542 2361 649 2413 tamen
672 2348 872 2414 liberalitatis
892 2352 1041 2434 ingenuas
1064 2350 1158 2414 facies
1173 2350 1368 2426 denudetur,
1382 2349 1497 2414 modus

541 2450 596 2515 ille
612 2450 768 2533 largiendi
782 2449 919 2514 nobilior
930 2465 960 2513 et
979 2451 1169 2514 laudabilior
1184 2464 1244 2527 est,
1256 2463 1288 2514 et
1299 2452 1419 2535 absque
1431 2472 1497 2513 om-

543 2555 632 2615 nium
645 2550 893 2614 contradictione
902 2550 1054 2636 optimus,
1066 2551 1121 2637 qui
1135 2574 1222 2636 spem
1235 2549 1500 2614 remunerationis

545 2650 700 2715 excludit.
745 2650 912 2736 Siquidem
937 2650 977 2714 ad
1001 2651 1243 2716 retributionem
1267 2650 1355 2728 dare,
1378 2673 1397 2714 a
1419 2649 1498 2714 liba·

545 2751 671 2815 ralitate
682 2751 819 2814 alienum
831 2765 889 2825 est,
906 2765 939 2816 et
953 2765 1200 2816 consentaneum
1216 2752 1369 2816 avaritiae.
1416 2751 1498 2815 Nam

545 2852 716 2918 foenerator
731 2867 766 2916 ut
784 2853 856 2937 plus
878 2852 1021 2938 recipiat,
1044 2853 1205 2917 interdum
1227 2852 1350 2939 aliquid
1372 2850 1501 2938 praelar-

544 2953 643 3040 gitur.
688 2954 786 3021 Unde
803 2977 946 3041 coquus:

651 3070 763 3126 Munera
774 3072 843 3141 qnod
855 3071 968 3136 senibus,
980 3071 1124 3138 viduisque,
1137 3071 1255 3138 ingentia
1265 3071 1358 3134 mittis,

689 3157 737 3210 vis
748 3164 776 3210 te
788 3156 939 3209 munificum
952 3155 1107 3224 Gargiliane
1119 3175 1218 3209 vocem.

654 3244 788 3297 Sordidius
800 3243 866 3295 nihil
878 3250 929 3307 ert,
940 3243 1005 3295 nihil
1019 3250 1059 3296 est
1070 3251 1097 3296 te
1110 3245 1226 3315 spurcius
1238 3262 1297 3308 nno,

689 3330 740 3392 Qui
754 3335 827 3399 potes
838 3329 947 3380 insidias
959 3329 1027 3382 dona
1038 3346 1130 3381 vocare
1138 3335 1205 3381 tuas.

652 3413 696 3464 Sia
708 3412 792 3464 avidis
802 3411 886 3465 fallax
898 3411 1019 3481 indulget
1030 3413 1144 3484 piscibus
1156 3411 1257 3477 hamus,

687 3496 793 3551 Callida
804 3499 841 3550 sic
853 3498 948 3551 stultas
959 3498 1057 3568 decipit
1070 3514 1129 3550 esea
1141 3496 1220 3550 feras.

651 3582 725 3644 Quid
736 3582 881 3650 dilargiri,
893 3582 956 3651 quid
967 3583 1003 3635 ait
1014 3584 1110 3636 donam
1122 3582 1229 3645 docebo,

687 3667 717 3720 si
728 3669 822 3732 nescis,
834 3666 903 3720 dona
915 3667 1068 3735 Gargiliane
1080 3667 1153 3720 mihi.

547 3772 605 3836 Vis
620 3770 777 3835 hominem
795 3768 903 3835 videre
923 3771 1108 3837 liberalem?
1132 3774 1189 3835 Vis
1203 3792 1311 3834 veram
1329 3783 1359 3833 et
1377 3768 1503 3834 fructu·

547 3897 635 3939 osam
650 3873 830 3958 largitatem
852 3873 987 3937 audire?
1012 3871 1153 3936 Deflecte
1175 3872 1285 3934 oculus
1300 3869 1341 3933 ad
1356 3891 1429 3933 eum
1446 3870 1500 3953 qui

548 3974 710 4041 vermibus
721 3987 854 4052 scatens,
861 3971 1206 4059 jacetinsterquiliuio,
1215 3982 1247 4033 et
1260 3982 1340 4033 testa
1349 3967 1503 4033 fluentem

548 4075 589 4141 de
615 4097 746 4160 corpore
769 4077 888 4138 saniem
919 4073 1015 4138 radit.
1060 4071 1146 4137 Audi
1170 4071 1251 4156 quid
1281 4070 1432 4156 loquatur
1456 4071 1503 4134 vir

544 4177 665 4258 justus,
677 4180 791 4241 timens
806 4173 927 4251 Deum,
939 4187 971 4238 et
988 4173 1135 4238 recedens
1146 4196 1165 4236 a
1176 4171 1277 4235 malo:
1303 4174 1377 4235 Non
1390 4171 1505 4257 utique

554 4275 645 4355 dicit,
667 4277 800 4352 cithara,
816 4290 849 4342 et
870 4275 951 4361 lyra,
972 4290 1003 4340 et
1027 4276 1224 4361 psalterium,
1239 4285 1271 4337 et
1287 4272 1448 4347 sambuca,
1471 4285 1503 4336 et

550 4397 643 4438 omne
657 4398 756 4460 genus
767 4375 961 4440 musicorum
976 4374 1009 4438 in
1021 4372 1175 4438 conviviis
1190 4372 1277 4437 meis.
1325 4369 1397 4435 Non
1412 4371 1503 4450 dicit,
