4084 5634
557 819 625 865 car.
643 801 736 882 xxu]
920 817 1174 864 roarcnarrous.
1451 806 1511 866 lea

553 972 668 1056 inquit,
694 993 764 1035 esse
790 973 934 1035 flamines
959 969 1071 1044 diales,
1101 970 1199 1034 modo
1225 973 1375 1035 consules
1404 972 1505 1036 diales

551 1071 715 1136 habemus.
760 1071 805 1135 Et
819 1073 851 1134 in
867 1072 1019 1136 eundem:
1055 1070 1323 1153 Vigilantissimus
1334 1082 1382 1136 est
1393 1074 1506 1136 consul

551 1184 660 1237 noster
684 1174 813 1247 Carnus,
839 1176 893 1258 qui
919 1175 952 1237 in
980 1173 1150 1236 consulatu
1176 1195 1234 1237 suo
1262 1193 1411 1236 somnum
1437 1195 1502 1237 non

550 1275 640 1338 vidit.
686 1271 865 1358 Eidemque
881 1274 1086 1358 exprobranti
1102 1274 1163 1337 sibi
1178 1275 1266 1359 quod
1280 1275 1321 1339 ad
1337 1296 1409 1339 eum
1426 1296 1503 1339 con·

551 1377 652 1440 sulem
674 1398 740 1440 nou
756 1376 912 1452 venisset3
943 1375 1133 1450 Veniebam,
1148 1374 1263 1458 inquit,
1284 1374 1340 1438 sed
1362 1397 1430 1439 nox
1452 1397 1504 1440 me

549 1478 800 1562 comprehendit.
845 1480 888 1540 At
911 1476 951 1539 de
974 1497 1034 1539 usu
1056 1473 1209 1552 loedoriae,
1232 1477 1283 1539 vel
1308 1479 1502 1556 scommatis,

548 1590 581 1642 et
600 1580 763 1656 civilitate,
778 1577 901 1642 dicetur
920 1578 953 1640 in
976 1578 1197 1660 sequentibus,
1213 1597 1300 1640 nuuc
1322 1574 1501 1642 ostendisse

549 1682 697 1755 sufficiat,
719 1681 794 1765 quia
813 1700 944 1761 arguere
965 1679 1090 1742 licitum
1113 1689 1172 1756 est,
1195 1678 1282 1764 quod
1305 1701 1431 1764 aequum
1454 1689 1504 1744 est

549 1802 621 1846 esse
633 1794 819 1846 correctum.
858 1783 966 1845 Unum
979 1790 1101 1842 tuntum
1114 1778 1155 1841 de
1167 1779 1395 1843 scommatibus
1407 1781 1502 1844 Alex-

550 1881 653 1959 andri,
670 1882 761 1966 quasi
784 1883 817 1945 in
841 1883 930 1945 calce
951 1881 1055 1943 libelli
1077 1876 1183 1960 hujus,
1207 1881 1424 1964 superioribus
1445 1903 1501 1945 au-

549 1993 687 2046 nectam.
720 1984 826 2055 Quum
841 1983 927 2046 enim
940 1983 1014 2045 Rex
1026 1982 1144 2045 Darius
1155 2002 1219 2050 uno
1232 1994 1266 2046 et
1280 1983 1379 2046 altero
1389 1984 1503 2067 praelio

548 2083 695 2147 virtutem
717 2085 787 2167 ejus
808 2097 973 2168 expertus,
994 2096 1117 2168 partem
1143 2085 1242 2167 regui,
1265 2085 1372 2148 Tauro
1394 2097 1502 2150 monta

548 2196 653 2263 tonus,
662 2197 694 2251 et
711 2186 808 2251 filiam
824 2188 856 2250 in
873 2186 1120 2258 matrimonium,
1133 2206 1233 2268 quum
1250 2185 1357 2267 decies
1372 2183 1501 2251 centum

547 2289 689 2353 millibus
709 2291 862 2354 talentum
883 2291 1097 2373 polliceretur,
1118 2289 1212 2374 eique
1231 2290 1434 2371 Parmenion,
1454 2293 1502 2356 vir

546 2412 681 2473 magnus
703 2394 785 2456 inter
797 2393 1044 2471 Alexandrinos,
1059 2393 1195 2456 dixisset
1217 2414 1262 2471 se,
1277 2394 1305 2457 si
1320 2393 1502 2458 Alexander

545 2506 638 2571 esset,
652 2516 782 2558 usurum
803 2493 864 2556 hac
886 2494 1083 2571 conditione,
1097 2492 1281 2576 respondit:
1327 2495 1373 2556 Et
1395 2496 1499 2576 egosi

545 2594 737 2657 Parmenion
753 2616 868 2670 essem,
883 2595 995 2658 eadem
1012 2606 1129 2658 uterer:
1153 2596 1250 2658 tacite
1269 2594 1399 2678 quidem
1423 2617 1501 2659 con·

545 2694 654 2758 siliarii
669 2695 872 2759 timiditatem
893 2717 1041 2776 arguens,
1056 2717 1137 2760 voce
1153 2695 1278 2759 duabus
1298 2697 1437 2761 victoriis
1451 2719 1500 2762 re-

545 2795 734 2880 spondente,
759 2796 922 2881 diguaque
947 2798 1000 2861 cui
1027 2798 1127 2874 tertia,
1149 2798 1234 2861 sicut
1260 2799 1377 2873 evenit,
1399 2801 1499 2864 tribu·

543 2907 655 2962 eretur.
692 2898 845 2961 Liberum
862 2920 936 2980 ergo
945 2897 1015 2978 suit,
1028 2907 1061 2962 et
1075 2920 1201 2982 semper
1211 2898 1335 2963 licitum
1348 2901 1498 2982 libertati,

543 2997 706 3081 parcendo
726 2999 883 3082 personis,
901 2998 1006 3062 dicere
1027 2997 1068 3061 de
1090 2999 1189 3077 vitiis3
1219 2999 1370 3083 quoniam
1390 3010 1422 3064 et
1438 3001 1496 3085 jus

541 3108 601 3174 est,
623 3121 687 3184 quo
707 3100 787 3163 licet
804 3121 894 3163 veras
913 3121 1102 3183 expromere
1119 3121 1225 3175 voces,
1241 3109 1274 3165 et
1294 3101 1381 3186 quod
1400 3104 1496 3167 etiam

544 3199 641 3264 servis
663 3199 814 3264 adversus
837 3201 995 3279 dominos,
1018 3201 1094 3264 dum
1117 3223 1191 3265 vera
1217 3203 1403 3284 loquuntur,
1428 3204 1496 3268 De·

542 3302 704 3363 cembrem
729 3301 877 3383 indulget
898 3304 1086 3367 libertatem.
1130 3303 1224 3365 Tunc
1248 3323 1323 3382 ergo
1349 3321 1413 3365 non
1436 3305 1495 3367 im·

542 3412 665 3485 petrata
678 3403 782 3479 venia,
793 3425 863 3487 quae
877 3405 949 3487 ipso
959 3403 1032 3488 jure
1048 3403 1212 3487 competit,
1223 3403 1350 3485 linguas
1364 3416 1494 3484 acuunt,

539 3516 573 3566 et
592 3503 748 3588 quicquid
770 3525 825 3568 eos
848 3514 916 3569 toto
937 3526 1023 3568 anno
1046 3505 1118 3582 urit,
1137 3505 1269 3588 impune
1290 3504 1494 3587 redarguunt,

540 3601 646 3690 palam
670 3605 868 3689 detegentes,
891 3617 924 3670 ct
945 3607 1089 3685 crimina,
1113 3607 1189 3670 dum
1220 3619 1325 3671 tamen
1355 3609 1493 3692 expletis
1578 3621 1585 3635 ’

540 3709 772 3787 Saturnalibus,
798 3710 877 3773 citra
903 3710 1027 3773 reniam
1057 3731 1259 3795 nequaquam
1288 3709 1330 3774 ad
1359 3732 1493 3776 accusa·

538 3812 658 3874 tionem
688 3810 888 3876 dominorum
918 3824 1161 3896 patronorumve
1187 3813 1363 3897 prosiliant.
1410 3814 1493 3876 Utor

539 3933 615 3993 ergo
628 3911 774 3976 libertate
789 3914 991 3989 Decembris,
1005 3922 1037 3976 et
1051 3914 1152 3997 jussis
1171 3915 1235 3976 tuis
1254 3914 1491 3996 obtemperans,

538 4014 627 4098 quod
641 4035 693 4078 me
708 4026 741 4078 et
754 4023 785 4077 te
800 4015 873 4093 urit,
888 4015 1049 4078 beneficio
1067 4015 1150 4098 juris
1171 4015 1333 4077 communi
1355 4011 1491 4077 fidenter

536 4136 644 4198 arguo,
667 4137 732 4179 non
754 4136 886 4180 necesse
908 4127 1006 4192 ratus,
1027 4117 1152 4178 reniam
1173 4114 1351 4198 impetrare,
1371 4116 1405 4179 in
1427 4114 1490 4191 his,

538 4238 609 4301 quae
631 4218 771 4301 publicae
796 4217 936 4281 serviunt
962 4215 1101 4290 utilitati,
1125 4222 1157 4278 et
1183 4221 1246 4278 tuae
1272 4224 1346 4278 sunt
1370 4214 1491 4300 placita

536 4318 699 4387 voluntati.
