4084 5634
987 344 1344 647 aaa
1373 352 1711 679 aa

539 897 609 943 car.
626 880 730 958 xxm]
893 895 1148 941 mnrcnarrcns.
1309 869 1310 874 ’
1433 881 1489 943 191

537 1046 640 1111 rabies
656 1048 876 1133 perhorrescit,
890 1061 921 1112 et
937 1047 1081 1134 impedit.
1124 1050 1285 1113 Coeterurn
1301 1046 1495 1114 detractores

538 1163 571 1213 et
585 1150 712 1214 invidos
727 1151 771 1215 sic
785 1151 818 1215 in
833 1151 921 1215 curia
938 1151 1061 1215 videbis
1081 1151 1257 1231 abundare,
1271 1174 1307 1214 ac
1323 1151 1347 1214 si
1363 1152 1395 1214 in
1412 1175 1492 1226 eam,

540 1252 632 1337 quasi
656 1253 754 1317 totius
778 1254 866 1318 orbis
891 1254 1057 1326 sentinam,
1084 1251 1306 1318 confluxerint.
1347 1255 1417 1317 Non
1444 1267 1495 1319 est

540 1367 644 1418 coetus
668 1356 916 1432 conviventium,
942 1355 1001 1420 nisi
1032 1355 1287 1441 religiosissimus
1317 1356 1370 1432 sit,
1397 1353 1493 1442 quem

542 1452 650 1519 livoris
676 1457 826 1522 stimulus
856 1481 917 1522 nou
944 1459 1100 1543 adtingat.
1146 1457 1278 1542 Ubique
1304 1471 1407 1522 tamen
1438 1463 1494 1551 qni

541 1555 772 1623 illustrioribus
793 1557 971 1623 clarescunt
994 1557 1125 1639 meritis,
1139 1559 1242 1623 acrius
1262 1559 1391 1623 invidiae
1415 1560 1496 1624 toxi-

542 1671 613 1721 cato
628 1657 724 1722 dente
738 1659 908 1724 roduntur.

649 1774 711 1827 Urit
722 1776 791 1827 enim
802 1774 903 1841 firlgore
916 1791 962 1826 sno
975 1775 1019 1843 qui
1032 1782 1178 1847 praegravat
1189 1781 1258 1829 artas

648 1859 721 1913 Intra
732 1878 762 1912 se
773 1862 880 1932 positas,
892 1861 1024 1914 extinctus
1036 1862 1165 1915 amabitur
1175 1862 1254 1915 idam.

545 1963 607 2027 Sed
622 1985 690 2049 praa
705 1964 829 2028 caeten's
844 1966 925 2027 servi
942 1962 1099 2041 dominos,
1114 1965 1264 2051 praelatos
1280 1963 1400 2029 subditi
1416 1964 1495 2030 inse·

546 2078 699 2151 quuntur.
744 2065 827 2129 Nam
853 2065 934 2130 sicut
962 2088 1137 2143 servorum,
1164 2067 1208 2131 ita
1234 2083 1266 2130 et
1294 2066 1496 2132 subditorum

543 2189 645 2250 genus
669 2165 859 2252 plerumque
888 2166 1060 2253 querulum
1092 2180 1150 2243 est,
1176 2182 1208 2232 et
1235 2182 1291 2232 aut
1317 2191 1349 2232 se
1381 2164 1498 2257 injuste

543 2270 655 2354 premi,
669 2282 724 2333 aut
740 2268 870 2355 indigne
885 2269 1077 2332 remunerari
1096 2270 1213 2347 studia,
1228 2283 1284 2334 aut
1300 2268 1403 2337 officia
1417 2273 1498 2337 male

543 2367 756 2433 administrari
768 2381 927 2433 causatur.
951 2370 1103 2453 Raroque
1115 2370 1266 2447 invenies,
1277 2371 1334 2456 qui
1347 2371 1377 2435 in
1389 2371 1498 2459 aliquo

544 2494 605 2534 non
628 2472 775 2536 detrabat
798 2471 994 2557 proesidenti,
1018 2472 1076 2535 etsi
1099 2471 1258 2535 interdum
1284 2474 1392 2539 omnia
1414 2489 1498 2539 recte

544 2586 707 2655 gerantur.
745 2576 891 2638 Comicos
909 2574 1025 2656 relege,
1040 2571 1165 2636 revolve
1184 2573 1330 2656 tragicos,
1345 2574 1497 2639 familiam

545 2673 611 2735 fere
632 2695 754 2758 semper
776 2673 997 2758 patrifamilias
1020 2671 1142 2735 videbis
1165 2671 1332 2758 ingratam.
1371 2683 1413 2741 At
1436 2700 1497 2741 non

545 2773 642 2838 modo
658 2775 690 2837 in
711 2775 808 2853 curia,
823 2774 876 2838 sed
900 2774 932 2837 in
954 2773 1072 2847 schola,
1089 2773 1142 2837 sed
1165 2774 1195 2837 in
1219 2775 1367 2855 claustro,
1388 2778 1441 2842 sed
1465 2781 1497 2844 in

546 2875 706 2960 Capitolio
721 2898 838 2939 morem
862 2877 958 2954 hunc,
972 2876 998 2938 si
1015 2889 1120 2939 tamen
1141 2876 1314 2940 domestica
1329 2879 1405 2943 vitia
1423 2894 1499 2946 sunt

547 2977 688 3041 moribus
702 2977 917 3062 aggreganda,
932 2976 1097 3040 miraberis
1113 2978 1266 3042 obtinere.
1305 2981 1500 3047 Venerabilis

546 3093 636 3166 pater
651 3077 818 3143 Gilbertus
832 3078 1075 3143 Herefordensis
1086 3079 1277 3165 Episcopus,
1290 3081 1367 3145 mibi
1383 3082 1499 3147 referre

546 3185 708 3246 consuevit
732 3170 950 3246 claustralium
978 3204 1108 3256 morem,
1134 3205 1228 3267 quem
1257 3181 1287 3245 in
1314 3206 1346 3246 se
1372 3184 1441 3268 ipso
1467 3207 1499 3247 se

546 3282 709 3347 fatebatur
741 3297 918 3369 expertum.
957 3283 1064 3359 Quum
1095 3283 1176 3346 enim
1207 3283 1431 3348 monasterium
1455 3285 1501 3347 in-

548 3409 675 3472 gressus
690 3398 783 3461 esset,
799 3385 925 3449 fervens
940 3386 1044 3450 adhuc
1062 3385 1146 3469 igne,
1162 3407 1257 3470 quem
1275 3386 1315 3449 de
1330 3407 1412 3448 novo
1426 3407 1499 3448 con-

548 3505 685 3574 ceperat,
712 3487 956 3571 magistratuum
988 3509 1116 3550 suorum
1147 3485 1306 3571 ignaviam
1336 3487 1500 3573 arguebat.

550 3596 618 3657 Nec
639 3613 737 3664 mora,
758 3604 924 3675 promotus
944 3589 975 3652 in
999 3588 1133 3669 modico,
1152 3590 1348 3653 miseratione
1369 3590 1500 3677 compli-

549 3698 633 3758 cium
650 3708 757 3756 motus
772 3705 828 3756 est.
868 3690 1017 3756 Nondum
1040 3705 1143 3755 tamen
1160 3691 1301 3776 pepercit
1317 3694 1500 3780 majoribus.

548 3795 650 3860 Paulo
673 3807 745 3881 post
769 3793 808 3856 ad
836 3793 956 3879 priores
981 3793 1138 3857 ascendit:
1170 3791 1393 3881 prioribusque
1418 3817 1501 3858 coru-

547 3897 682 3983 patieus‚
698 3917 826 3980 carpere
842 3917 902 3956 non
925 3895 1058 3957 cessavit
1077 3893 1226 3957 Abbatcs.
1265 3895 1386 3958 Factus
1405 3907 1500 3957 estet

549 4003 616 4085 ipse
638 3998 755 4069 Abbas‚
779 4012 810 4060 et
833 3995 993 4081 propitius
1012 3997 1044 4058 ln
1069 3995 1247 4069 coabbates,
1269 3995 1500 4080 Episcoporum

550 4102 647 4187 coepit
669 4099 746 4163 vitia
769 4098 896 4163 intueri.
935 4096 1080 4159 Tandem
1104 4095 1220 4181 etipse
1242 4097 1432 4180 Episcopus,
1452 4120 1503 4159 co·

510 4181 520 4198 ⁵
551 4203 705 4288 episcopis
717 4200 828 4286 parcit.
861 4202 929 4263 Nec
945 4212 1050 4261 tamen
1064 4195 1166 4281 ipsum
1181 4196 1310 4259 invidias
1328 4197 1404 4259 vitio
1419 4197 1502 4260 arbi·

553 4318 618 4368 tror
633 4303 806 4366 laborasse:
831 4301 885 4364 sed
903 4303 951 4363 vir
966 4298 1117 4385 prudens,
1130 4298 1217 4384 quod
1234 4297 1413 4361 hominibus
1425 4288 1503 4384 quo-

552 4404 722 4469 dammodo
732 4402 907 4486 ingenitum
925 4419 983 4481 est,
995 4401 1154 4485 eleganter
1168 4398 1334 4485 expressit.
1364 4402 1410 4464 Et
1421 4400 1503 4465 forte

554 4508 613 4571 boc
629 4506 687 4570 sibi
710 4505 862 4590 praelatus
878 4517 968 4588 pater
990 4503 1153 4588 imposuit,
1170 4514 1205 4566 ut
1227 4505 1270 4565 sic
1290 4499 1502 4568 laborantium
