4084 5634
536 872 609 918 one.
625 854 678 934 m]
887 867 1141 917 consensimus.
1447 855 1487 912 87

541 1023 583 1090 ad
598 1023 704 1088 omnia
718 1043 845 1106 semper
856 1021 1017 1085 incertus?
1041 1020 1130 1084 Talis
1141 1021 1252 1103 utique
1263 1019 1488 1098 Academicus,

541 1147 640 1209 quum
665 1147 725 1189 nec
751 1125 852 1189 brutis
881 1124 1074 1187 animalibus
1097 1124 1200 1186 valeat
1228 1119 1400 1205 adaequari,
1425 1145 1487 1188 nec

541 1229 656 1310 dignus
678 1238 729 1292 est
748 1227 901 1307 bominis,
923 1227 1043 1289 nedum
1068 1226 1264 1309 philosophi,
1283 1228 1333 1288 vel
1355 1225 1488 1300 honora,

542 1333 591 1394 rel
614 1331 755 1394 nomine.
798 1330 844 1392 Et
863 1328 994 1410 quidem
1014 1327 1165 1391 adversus
1186 1327 1318 1390 istorum
1341 1328 1489 1411 ineptias,

541 1452 676 1512 magnus
690 1430 808 1513 paritor
821 1440 855 1492 et
870 1428 975 1493 fidelis
990 1428 1102 1491 doctor
1113 1427 1270 1491 Ecclesia
1282 1429 1490 1509 Augustinus,

540 1531 598 1594 sed
612 1544 644 1595 ot
655 1532 779 1609 Cicero,
791 1531 906 1594 validis
921 1530 1099 1594 rationibus
1114 1541 1146 1591 et
1161 1548 1305 1591 sermone
1321 1530 1490 1609 elegantis-

540 1633 623 1697 simo
638 1632 802 1714 copiosius
816 1630 992 1713 disputant.
1038 1629 1255 1691 Veruntamen
1276 1626 1317 1691 ad
1336 1630 1419 1707 illos,
1434 1631 1490 1714 qui

542 1733 582 1796 de
594 1733 727 1813 singulis
738 1730 898 1807 dubitant,
907 1750 978 1813 quae
990 1728 1127 1811 sapienti
1138 1727 1259 1791 saciunt
1270 1729 1489 1812 questionem,

541 1831 669 1906 Cicero,
684 1830 792 1912 seipso
807 1838 900 1906 teste,
914 1827 1078 1905 transivit,
1097 1847 1157 1890 nec
1173 1848 1230 1892 eos
1243 1841 1349 1892 noster
1363 1831 1490 1912 Augus-

544 1936 632 1998 tinus
646 1933 853 2017 persequitur,
863 1953 963 2015 quum
977 1942 1011 1995 et
1024 1932 1093 2014 ipse
1108 1931 1143 1994 in
1158 1932 1309 2016 operibus
1324 1934 1402 2009 suis,
1418 1957 1491 1999 aca-

544 2034 670 2100 demico
685 2045 932 2116 temperamento
948 2044 1053 2096 utatur
1069 2033 1273 2118 frequentius,
1287 2048 1320 2099 et
1342 2036 1402 2098 sub
1422 2057 1488 2099 am-

542 2136 697 2218 bignitate
717 2148 873 2219 proponat
894 2137 1006 2214 multa,
1020 2158 1093 2220 quae
1114 2137 1168 2200 alii
1189 2136 1414 2217 confidentius,
1429 2161 1490 2205 nec

542 2238 642 2319 magis
670 2236 833 2301 temerarie
863 2236 1051 2320 disputanti,
1077 2260 1141 2301 uon
1167 2239 1345 2304 viderentur
1373 2241 1491 2304 habers

542 2340 758 2422 questionem.
804 2338 889 2401 Mihi
911 2350 1018 2402 tamen
1042 2361 1108 2403 non
1130 2339 1253 2404 videtur
1268 2341 1436 2423 quisquam
1451 2363 1491 2406 eo

543 2440 630 2523 loqui
644 2440 799 2517 securius,
813 2441 869 2523 qui
890 2439 936 2503 ita
951 2441 1201 2524 circumspectus
1216 2442 1312 2504 estin
1328 2442 1436 2520 verbo,
1450 2465 1492 2506 uc

544 2541 665 2624 prolabi
685 2540 790 2624 possit
811 2539 853 2602 ad
874 2540 965 2603 salsa·
1013 2540 1095 2603 Sunt
1116 2552 1221 2604 autem
1235 2540 1427 2604 dubitabilia
1442 2563 1492 2604 sa·

543 2637 656 2722 pienti,
671 2659 744 2720 quse
763 2657 824 2698 nec
841 2635 928 2712 fidei,
942 2658 1002 2700 nec
1026 2658 1148 2714 sensus,
1163 2647 1218 2700 aut
1239 2639 1370 2701 rationis
1393 2640 1492 2702 maui-

542 2739 631 2802 festoe
653 2734 823 2819 persuadet
845 2736 1028 2813 auctoritas,
1043 2748 1075 2800 et
1093 2757 1166 2818 quaa
1188 2738 1254 2799 suis
1276 2738 1311 2800 in
1329 2750 1495 2824 utramque

545 2849 666 2923 partem
696 2838 837 2900 nituntur
867 2834 1083 2899 firmamentis.
1110 2841 1114 2849 ⁴
1139 2837 1231 2900 Talia
1260 2837 1390 2922 quidem
1420 2853 1496 2906 sunt

543 2962 616 3026 quae
638 2952 821 3023 quamntur
842 2939 883 3002 de
907 2936 1117 3021 providentia,
1132 2938 1173 3002 de
1189 2936 1376 3016 substantia,
1392 2965 1494 3026 quau·

544 3044 642 3116 tuate,
666 3042 797 3117 viribus,
818 3040 976 3118 efficacia,
998 3053 1031 3103 et
1053 3042 1174 3123 origine
1196 3042 1322 3119 animae,
1343 3041 1384 3106 de
1409 3045 1493 3108 fato:

545 3144 585 3206 de
615 3143 767 3206 facilitate
797 3154 928 3216 natura,
957 3161 1046 3220 casu,
1075 3155 1108 3204 et
1135 3142 1236 3205 libero
1267 3143 1415 3206 arbitrio:
1453 3145 1495 3210 de

544 3244 675 3306 materia
689 3255 722 3304 et
736 3252 834 3317 motu,
849 3252 882 3302 et
896 3241 1061 3323 principiis
1076 3261 1256 3322 corporum,
1272 3243 1312 3305 de
1327 3265 1495 3326 progressu

546 3342 771 3418 multitudinis,
794 3353 827 3402 et
850 3341 1079 3420 magnitudinis
1103 3342 1255 3419 sectione,
1279 3364 1320 3404 an
1345 3345 1498 3410 terminos

546 3444 679 3508 omnino
693 3464 759 3504 non
774 3441 924 3517 habeant,
933 3463 974 3503 an
990 3463 1047 3504 eos
1058 3441 1216 3505 duntaxat
1229 3439 1352 3527 ἀλόγους
1366 3445 1495 3510 tandem

546 3544 716 3608 inveniant.
762 3544 813 3605 De
835 3555 988 3625 tempore,
1002 3554 1035 3606 et
1055 3544 1137 3620 loca,
1153 3543 1192 3607 de
1216 3566 1357 3621 numero,
1373 3558 1405 3611 et
1427 3570 1495 3614 ora-

547 3648 644 3724 tione,
667 3645 707 3708 de
730 3645 843 3708 eodem
869 3657 902 3708 et
924 3644 1060 3722 diverso,
1082 3645 1114 3706 in
1138 3668 1201 3728 quo
1223 3648 1360 3730 plurima
1381 3653 1496 3716 attritio

546 3760 606 3823 est,
621 3748 661 3811 de
681 3745 811 3810 dividuo
831 3756 864 3808 et
885 3745 1065 3823 individuo,
1082 3746 1122 3809 de
1145 3749 1323 3813 substantia
1344 3762 1378 3814 et
1398 3754 1497 3817 forma

548 3850 645 3928 vocis,
663 3849 703 3912 de
719 3860 801 3911 statu
818 3847 1054 3923 universalium,
1069 3847 1110 3911 dc
1130 3869 1202 3927 usu,
1218 3862 1249 3914 ct
1271 3850 1346 3931 fine,
1363 3865 1497 3937 onuque

548 3951 697 4014 virtutum
716 3960 748 4011 et
763 3948 928 4011 vitiorum:
952 3971 992 4011 au
1016 3969 1128 4013 omues
1148 3951 1278 4015 virtutes
1300 3952 1428 4028 habeat,
1443 3953 1498 4035 qui

547 4070 643 4112 uuam
674 4047 789 4111 habet:
825 4067 865 4110 an
895 4047 1003 4109 omnia
1032 4059 1167 4130 peccata
1196 4051 1260 4113 sint
1290 4051 1438 4133 aequalia,
1467 4063 1499 4115 et

549 4149 712 4232 aqualiter
738 4147 913 4231 punienda.
957 4149 1039 4212 Item
1066 4149 1236 4214 decausis
1261 4170 1365 4213 rerum
1386 4161 1419 4212 et
1443 4149 1496 4213 ad·

543 4249 710 4330 junctione
736 4268 856 4322 earum,
883 4247 931 4309 vel
958 4249 1179 4330 repugnantia,
1201 4248 1241 4311 de
1267 4247 1443 4311 affluxione
1468 4262 1500 4315 et

549 4346 733 4412 defluxione
762 4347 896 4423 Oceani,
923 4345 963 4409 de
992 4360 1063 4410 ortu
1094 4348 1172 4424 Nili,
1198 4346 1238 4409 da
1270 4348 1438 4414 humomm
1466 4353 1499 4416 in

548 4447 741 4510 animalibus
763 4448 953 4530 corporibus
976 4458 1148 4527 augmento
1171 4456 1204 4508 et
1227 4446 1440 4516 diminutione
1457 4453 1499 4519 ad
