4084 5634
556 890 629 936 can.
644 874 748 954 xxva]
947 893 1203 940 marcuarrcns.
1465 883 1509 942 69

557 1055 589 1105 et
617 1043 657 1107 de
682 1045 786 1109 officio
814 1046 1006 1110 matrimonii
1031 1046 1178 1112 instituta
1206 1058 1264 1126 est,
1291 1049 1349 1112 ait:
1382 1049 1505 1115 Vitium

556 1145 699 1230 conjugia
734 1157 789 1210 aut
821 1147 997 1211 tollendum
1033 1159 1091 1228 est,
1119 1158 1175 1212 aut
1209 1149 1382 1214 ferendum.
1441 1152 1504 1224 Qui

556 1245 637 1309 tollit
661 1246 783 1326 vitium,
808 1246 1058 1312 commodiorem
1082 1248 1251 1334 conjugem
1281 1240 1422 1334 p‘raestat:
1447 1249 1503 1335 qui

553 1348 622 1424 sert,
637 1348 777 1433 seipsum
793 1349 890 1413 efficit
905 1350 1077 1413 meliorem.
1124 1351 1178 1414 Sic
1194 1352 1361 1434 principiis
1381 1365 1414 1416 et
1428 1354 1504 1416 sub·

545 1449 712 1534 jactorum
721 1450 807 1529 vitia,
818 1462 874 1513 aut
883 1450 1014 1513 serenda
1024 1460 1109 1524 sunt,
1122 1460 1178 1514 aut
1188 1449 1338 1516 tollenda.
1377 1454 1504 1516 Horum

551 1551 669 1635 quippe
695 1550 924 1615 consoederatio
954 1553 1103 1614 affectum
1134 1551 1281 1634 conjugis
1306 1565 1362 1616 aut
1387 1567 1500 1637 aequat,

550 1664 606 1713 aut
627 1650 791 1734 praecedit.
837 1649 902 1713 Sed
924 1662 957 1713 et
977 1649 1048 1733 ipsa
1070 1650 1221 1712 Varronis
1243 1652 1347 1730 rerba,
1370 1652 1448 1716 serre
1471 1664 1503 1718 et

550 1751 672 1828 tollere,
682 1752 791 1836 lepide
800 1750 932 1835 quidem
942 1751 1121 1834 composita
1131 1762 1213 1814 sunt
1245 1753 1387 1834 Apparet
1395 1763 1501 1818 autem

549 1853 625 1936 quia
639 1852 772 1917 tollendi
786 1874 916 1930 nomen,
931 1854 1140 1917 correctionis
1160 1864 1208 1916 est
1230 1864 1314 1918 nota.
1362 1855 1501 1921 Constat

549 1954 692 2037 ejusdem
711 1953 781 2036 ejus
806 1976 876 2018 esse
898 1954 1100 2032 sententiam,
1118 1967 1154 2018 ut
1174 1955 1302 2031 feratur,
1321 1956 1407 2039 quod
1430 1954 1500 2020 tolli

548 2078 615 2119 non
630 2068 741 2140 potest.
787 2059 861 2122 Hoc
882 2072 986 2122 tamen
1007 2058 1113 2123 fidelis
1136 2059 1249 2145 adjicit
1270 2061 1498 2144 interpretatio,

547 2169 583 2220 ut
605 2159 715 2222 vitium
741 2160 945 2242 intelligatur,
967 2159 1055 2244 quod
1077 2161 1209 2225 honeste
1236 2162 1309 2225 farri
1336 2173 1451 2246 potest,
1465 2179 1498 2227 et

548 2260 700 2342 religione
715 2262 876 2325 incolumi.
921 2262 1009 2326 Vitia
1024 2263 1110 2326 enim
1134 2265 1262 2346 flagitiis
1276 2263 1398 2327 leviora
1413 2276 1496 2340 sunt,

546 2375 577 2424 et
591 2373 665 2426 sunt
678 2366 833 2429 nonnulla
848 2386 920 2448 quaa
936 2385 1000 2427 nou
1016 2364 1089 2428 ferri
1104 2365 1190 2442 licet,
1202 2375 1257 2429 aut
1272 2386 1344 2450 quaa
1360 2364 1497 2430 fideliter

545 2463 615 2526 ferri
641 2485 707 2529 non
733 2476 878 2547 possunt·
923 2466 977 2528 Ex
1001 2487 1098 2529 causa
1123 2466 1343 2531 somicationis
1365 2467 1497 2532 licenter

545 2562 672 2628 divertit
701 2566 822 2649 conjux
846 2588 866 2630 a
890 2568 1040 2649 conjuge,
1066 2577 1098 2629 et
1128 2568 1315 2650 plerumque
1341 2579 1495 2650 patronus

544 2676 593 2727 est
614 2666 831 2749 turpitudinis,
851 2667 907 2749 qui
927 2667 1047 2730 crimen
1072 2668 1157 2730 celat
1177 2652 1297 2730 rrxoris.
1344 2669 1424 2731 lnde
1448 2678 1498 2733 est

545 2766 641 2828 forte:
669 2766 733 2838 Qui
759 2765 932 2830 adulteram
955 2767 1080 2842 retinet,
1102 2768 1216 2829 stultus
1238 2779 1271 2830 et
1293 2770 1411 2853 impius
1436 2784 1496 2833 est.

545 2866 628 2930 Haec
644 2876 748 2931 autem
769 2869 802 2930 in
824 2868 963 2930 moechia
976 2866 1135 2951 corporali
1152 2879 1185 2930 et
1204 2868 1372 2951 spirituali,
1387 2873 1493 2956 quoad

542 2968 673 3053 aliquid,
688 2990 780 3054 reque
800 2970 956 3046 obtinent,
970 2970 1030 3032 etsi
1050 2969 1187 3033 deterior
1201 2970 1242 3033 sit
1262 2972 1445 3055 spiritualis,
1460 2986 1492 3038 et

541 3071 713 3136 studiosius
739 3070 940 3136 declinanda.
987 3070 1139 3135 Similiter
1162 3082 1195 3135 et
1220 3072 1253 3135 in
1277 3076 1490 3140 membrorum

542 3174 743 3255 compagine,
759 3172 882 3236 serendi
903 3194 961 3237 aur
982 3172 1116 3236 tollendi
1137 3174 1289 3238 Varronis
1312 3190 1361 3239 cat
1381 3179 1492 3258 regula

542 3273 752 3336 admittenda.
806 3274 890 3335 Nam
921 3274 1000 3356 quin
1029 3274 1173 3336 membra
1201 3275 1305 3336 curari
1337 3287 1493 3358 oporteat,

540 3394 637 3437 nemo
652 3374 795 3455 ambigit,
809 3375 875 3436 sive
890 3374 924 3436 iu
939 3375 1080 3436 fomento
1095 3372 1169 3448 olei,
1181 3372 1247 3434 sive
1261 3374 1293 3435 iu
1309 3377 1490 3442 austeritate

541 3477 619 3550 viui,
635 3474 722 3560 quod
742 3475 958 3538 Samaritanus
979 3472 1120 3536 iufundit
1144 3473 1315 3553 vulnerato,
1338 3478 1491 3557 procedat

539 3598 624 3642 cura.
670 3575 766 3650 Quod
780 3588 886 3639 autem
900 3575 1044 3639 tollenda
1063 3575 1137 3654 sint,
1152 3596 1193 3638 ex
1216 3596 1255 3638 eo
1274 3577 1384 3663 liquet,
1401 3582 1488 3666 quod

538 3681 770 3764 scriptumest:
795 3679 831 3741 Si
846 3699 958 3741 manus
974 3688 1038 3754 tua,
1053 3679 1102 3740 vel
1117 3698 1176 3760 pes
1195 3686 1270 3741 tuus
1290 3681 1490 3750 scandalizat

538 3794 579 3859 te,
604 3780 760 3845 abscinde
785 3802 858 3844 cum
884 3792 917 3843 et
941 3780 1064 3864 projice
1086 3780 1145 3842 abs
1166 3792 1208 3843 te·
1253 3780 1299 3844 Et
1324 3783 1351 3846 si
1373 3789 1486 3852 oculus

538 3896 611 3948 tuus
626 3882 823 3947 scandalizat
836 3894 878 3957 te,
894 3903 968 3946 erue
983 3903 1057 3945 eum
1072 3891 1105 3944 et
1119 3882 1241 3964 projice
1257 3884 1315 3947 aba
1330 3897 1371 3949 te.
1410 3890 1486 3954 Hoc

538 3985 572 4047 in
591 3983 744 4048 membris
763 3984 910 4046 omuibus
930 3981 1069 4065 principi
1089 3981 1222 4045 arbitror
1244 3986 1487 4067 observandum,

537 4098 648 4149 utnon
660 4084 757 4148 modo
767 4093 927 4161 emantur,
937 4081 1176 4158 abscindantur,
1189 4093 1221 4146 et
1231 4087 1343 4167 procul
1355 4088 1486 4170 ejician-

537 4198 597 4264 tur,
612 4187 639 4250 si
656 4186 733 4250 fidei
748 4196 803 4251 aut
816 4183 956 4269 publicio
978 4183 1073 4247 saluti
1095 4184 1210 4247 dentur
1231 4185 1266 4246 in
1289 4184 1487 4267 scandalum,

538 4287 595 4350 sed
619 4288 664 4352 ita
686 4299 900 4364 conterantur,
921 4285 1006 4349 utin
1031 4287 1222 4348 exterminio
1244 4286 1347 4360 unius,
1362 4287 1484 4353 univer·

538 4409 643 4451 sorum
658 4390 863 4453 incolumitas
877 4399 1074 4472 procuretur.
1120 4385 1193 4460 Cui,
1208 4386 1350 4467 inquam,
1365 4403 1484 4470 parcet,

536 4489 593 4572 qui
615 4490 708 4553 etiam
726 4492 758 4553 in
774 4491 886 4554 oculos
901 4509 976 4550 suos
992 4486 1101 4549 saevire
1117 4485 1319 4568 praecipitur?
1363 4490 1482 4575 Utique
