4084 5634
545 824 616 870 car.
632 807 704 886 vit]
861 826 1121 872 ronrcanrmus.
1441 815 1501 873 103

541 973 761 1040 concedantur.
779 977 830 1039 Sic
845 989 877 1040 et
890 978 1082 1042 Geometriae
1099 977 1203 1063 primo
1215 977 1385 1063 petitiones
1400 1001 1494 1063 quas-

542 1074 627 1151 dam,
656 1077 748 1161 quasi
771 1077 868 1142 totius
889 1078 967 1142 artis
984 1080 1110 1164 jaciunt
1134 1079 1357 1156 fundamenta,
1380 1079 1495 1144 deinde

542 1199 723 1242 communes
738 1179 833 1242 animi
856 1182 1075 1265 conceptiones
1090 1181 1263 1267 adjiciunt:
1287 1193 1318 1244 et
1344 1180 1388 1243 sic
1402 1182 1495 1266 quasi

543 1279 609 1342 acic
624 1278 781 1360 ordinata,
795 1283 836 1344 ad
851 1304 888 1344 ea
904 1304 976 1367 quas
992 1282 1051 1346 sibi
1068 1297 1143 1346 sunt
1163 1282 1408 1347 demonstranda
1424 1306 1494 1368 prc-

542 1378 672 1445 cedunt.
696 1381 757 1445 Sed
768 1395 799 1446 et
809 1382 1060 1467 petitionesipsae
1070 1384 1149 1447 adeo
1158 1384 1357 1449 consentiunt
1368 1384 1494 1463 rationi,

543 1493 578 1545 nt
608 1482 783 1566 protervire
811 1483 969 1559 videatur,
1000 1485 1147 1571 quisquis
1176 1507 1229 1548 eas
1252 1484 1300 1548 vel
1324 1485 1407 1548 hosti
1430 1508 1493 1548 non

541 1582 695 1646 concedit.
741 1586 806 1648 Hic
822 1598 925 1648 tamen
950 1605 1150 1670 nequaquam
1167 1585 1274 1669 agitur
1289 1585 1329 1649 de
1346 1584 1405 1665 bis,
1420 1611 1493 1672 quae

542 1681 582 1745 ed
596 1681 717 1747 cultum
730 1683 890 1768 religionis
902 1684 1072 1769 pertinent,
1082 1684 1231 1769 quoniam
1244 1698 1275 1747 et
1287 1683 1331 1747 ibi
1344 1684 1495 1750 nonnulla

544 1783 1493 1871 quodammodopetnntur,quae,utfidesampliusmereatur‚

544 1884 771 1970 experientiam
801 1884 930 1948 rationis
958 1885 1137 1950 excedunt:
1163 1885 1216 1949 sed
1241 1885 1309 1949 haec
1331 1889 1411 1970 ipsa,
1434 1888 1493 1951 etsi

544 1986 627 2048 ratio
646 2006 707 2050 nnn
728 1999 849 2071 urgeat,
869 1985 1027 2050 debentur
1044 1988 1168 2073 pietati.
1215 1988 1264 2051 Ut
1286 1988 1370 2051 enim
1391 2009 1494 2052 sacra·

544 2086 669 2160 mentis,
701 2087 756 2152 ubi
786 2087 868 2150 ratio
896 2087 1015 2163 deficit,
1046 2089 1237 2153 adhibeatur
1266 2087 1356 2165 fides,
1386 2088 1495 2154 multis

546 2186 716 2264 beneficiis,
742 2187 930 2272 magnisque
953 2188 1113 2253 miraculis
1135 2189 1307 2275 promeruit
1335 2189 1494 2267 Christus,

543 2287 597 2352 cui
612 2311 673 2352 non
689 2288 774 2354 credi
791 2290 925 2374 impium
937 2306 997 2364 est,
1013 2289 1097 2353 sicut
1109 2312 1128 2350 a
1139 2288 1360 2374 probabilibus
1375 2289 1494 2354 dissen-

543 2389 602 2454 tire
631 2389 844 2475 pertinaciter,
875 2402 1059 2474 protervum
1090 2401 1148 2454 est.
1200 2389 1279 2466 Quis
1309 2389 1403 2467 enim,
1434 2389 1493 2455 nisi

542 2492 683 2568 insanus,
694 2504 750 2555 ant
764 2502 940 2576 protervus,
948 2491 1122 2573 negaverit,
1134 2490 1210 2573 quin
1224 2491 1264 2553 ab
1276 2492 1362 2555 omni
1375 2506 1495 2576 puncto

542 2592 583 2656 ad
599 2615 691 2655 omne
713 2605 867 2677 punctum
890 2592 1073 2675 oppositum
1097 2591 1196 2675 possit
1219 2589 1300 2654 linea
1324 2605 1495 2677 rectapro-

543 2690 630 2755 tendi
643 2696 656 2754 ?
680 2692 764 2755 Nam
775 2693 856 2754 sicut
868 2694 900 2754 in
912 2689 1055 2753 aedificiis
1067 2711 1189 2752 necesse
1199 2706 1245 2753 est
1258 2688 1378 2774 aliquid
1393 2693 1492 2755 fixum

542 2812 609 2853 esse
624 2800 655 2854 et
671 2788 792 2866 stabile,
805 2789 856 2852 cui
866 2788 1018 2873 erigenda
1032 2802 1192 2852 structura
1203 2789 1301 2873 possit
1313 2788 1425 2854 inniti:
1449 2791 1494 2855 sic

545 2889 577 2955 in
593 2891 677 2955 omni
694 2888 839 2955 doctrina
853 2889 981 2975 aliquod
1006 2889 1119 2953 stabile
1139 2888 1267 2952 initium
1292 2891 1494 2975 procedendi,

542 2991 708 3056 necessitas
729 2988 969 3054 consultissimae
992 2988 1123 3053 rationis
1138 2988 1291 3074 exposcit.
1337 2991 1492 3077 Alioquin

541 3091 696 3176 quicquid
712 3091 819 3176 opifex
836 3090 957 3175 adjicit,
974 3102 1079 3168 nutat,
1092 3111 1128 3151 ac
1147 3089 1219 3152 siin
1238 3089 1362 3154 lubrico
1376 3113 1491 3170 arente,

541 3206 598 3259 aut
620 3191 784 3256 bituminis
808 3193 880 3274 quis
905 3190 1054 3267 aedificct,
1078 3204 1135 3252 aut
1158 3189 1273 3252 scribat
1296 3191 1329 3251 in
1353 3187 1493 3255 fluminis

541 3290 643 3376 lapsu.
689 3291 772 3353 Nam
787 3291 914 3353 incertis
929 3289 1063 3353 certiora
1077 3289 1202 3352 faciunt
1218 3289 1324 3353 fidem.
1372 3291 1406 3352 Si
1417 3313 1492 3374 ergo

542 3391 620 3454 nihil
636 3390 792 3476 sequitur,
807 3389 866 3453 nisi
885 3387 972 3452 aliud
995 3387 1173 3463 antecedat,
1189 3389 1215 3451 si
1240 3401 1344 3452 motus
1358 3391 1458 3452 omnis
1473 3413 1492 3453 a

540 3491 649 3577 quiete
671 3488 826 3576 procedit,
848 3491 921 3574 quis
941 3499 1045 3574 potest
1071 3486 1099 3548 ei
1122 3483 1318 3570 probationis
1337 3507 1404 3549 esse
1419 3508 1490 3571 pro-

540 3615 656 3670 cessus,
668 3591 725 3678 qui
742 3612 898 3674 nusquam
913 3589 1059 3675 quiescit,
1071 3600 1127 3651 aut
1138 3585 1217 3650 nulli
1229 3586 1423 3672 acquiescit?
1447 3589 1490 3654 Ei

538 3713 686 3776 namque,
696 3689 858 3753 cuiomnia
870 3687 1047 3774 probabilia
1057 3698 1142 3759 sunt,
1152 3685 1227 3749 nihil
1239 3686 1365 3772 probari
1374 3700 1488 3772 potest.

540 3795 603 3863 Sed
613 3815 718 3862 eorum
730 3814 804 3876 quae
816 3790 981 3881 perspicua
992 3803 1077 3864 sunt,
1088 3789 1148 3853 alia
1161 3801 1234 3852 sunt
1244 3788 1392 3853 omnibus
1404 3802 1489 3868 nota,

537 3894 800 3965 aliadoctioribus
811 3905 946 3974 tantum,
958 3892 1130 3978 unicuique
1142 3891 1315 3955 secundum
1328 3891 1488 3977 propriam

537 3997 732 4065 facultatem.
777 4001 861 4061 Nam
883 4018 1050 4061 numerum
1075 4016 1199 4056 omnem
1218 4014 1324 4077 parem
1339 4015 1416 4067 esse,
1436 3991 1487 4053 rel

539 4099 703 4184 imparem,
718 4099 763 4162 ita
778 4097 903 4182 publice
918 4111 1029 4160 notum
1045 4108 1103 4173 est,
1126 4107 1162 4157 ut
1177 4114 1234 4154 nec
1249 4113 1365 4175 pueros
1381 4090 1488 4168 latent,

540 4200 658 4283 quibus
674 4198 800 4261 licentia
814 4198 919 4260 aetatis
933 4195 1080 4278 indulget

644 4316 747 4368 Ludere
759 4333 804 4387 par
815 4316 907 4384 impar,
921 4314 1038 4380 equitare
1050 4312 1077 4361 in
1089 4307 1214 4360 arundine
1226 4305 1314 4371 longa,

534 4460 538 4469 ¹
646 4399 785 4452 AEdiiicare
798 4416 880 4462 casas,
893 4397 1012 4468 plostello
1025 4395 1169 4464 adjungere
1182 4407 1277 4442 mures.
