4084 5634
480 872 552 916 cnr.
570 852 682 932 arun]
854 868 1110 916 rom'csarrcus,
1376 849 1435 909 149

480 1024 580 1107 quirit
595 1022 717 1098 altaria,
733 1037 767 1087 ut
793 1021 885 1108 quasi
908 1022 973 1085 ritu
997 1017 1219 1105 Memphitico,
1233 1014 1435 1101 quotidianas

481 1124 599 1189 hostias
609 1128 700 1189 novis
715 1125 814 1209 possit
826 1124 980 1188 altaribus
991 1092 1316 1185 iffila'rffliotunt
1328 1129 1433 1179 tamen

481 1228 655 1293 sacerdotio
677 1229 813 1306 onerari,
829 1240 884 1290 aut
908 1226 1025 1289 servire
1047 1225 1171 1301 altario,
1186 1222 1243 1308 qni
1263 1220 1303 1284 de
1320 1218 1434 1283 altario

480 1330 604 1411 vivunt,
619 1353 669 1408 ne,
685 1343 721 1395 ut
736 1330 875 1415 populus
889 1328 1007 1413 arguit,
1022 1327 1125 1390 dicam
1146 1325 1360 1397 luxuriantur,
1378 1319 1433 1384 sed

479 1442 668 1516 personatus
689 1430 844 1517 quosdam
861 1428 1121 1504 introduxerunt,
1141 1446 1278 1510 quorum
1295 1424 1370 1509 jure
1390 1421 1432 1487 ad

479 1533 577 1597 aliurn
600 1557 707 1609 onera,
730 1533 770 1596 ad
794 1532 889 1596 aliurn
916 1530 1098 1593 referuntur
1118 1525 1341 1591 emolumenta.
1387 1527 1433 1591 Et

480 1658 581 1720 quum
593 1635 770 1721 Apostolus
780 1634 877 1710 dicat,
888 1635 943 1718 qui
957 1654 1018 1694 non
1029 1630 1165 1705 laborat,
1178 1650 1240 1691 non
1253 1627 1433 1705 manducet,

481 1736 535 1821 qni
558 1737 723 1801 minimum
751 1748 900 1811 meretur,
923 1733 998 1818 plns
1026 1731 1169 1817 percipit,
1191 1743 1223 1794 et
1250 1732 1282 1793 in
1310 1729 1433 1794 labores

480 1837 598 1901 alienos
619 1839 745 1901 ociosus
767 1851 823 1901 aut
839 1835 1018 1920 flagitiosus
1036 1832 1225 1916 ingreditur.
1265 1834 1343 1910 Quis
1357 1855 1434 1915 ergo

480 1939 565 2003 dicat
582 1941 613 2002 in
632 1940 690 2003 hac
705 1939 838 2004 emenda
854 1936 992 2015 licentia,
1007 1958 1108 2021 quum
1125 1956 1186 1997 non
1204 1957 1254 1998 res
1273 1956 1360 1999 sacra
1382 1934 1435 2011 sit,

481 2039 535 2103 sed
551 2041 695 2125 profana,
712 2041 875 2106 simoniam
892 2061 982 2123 posse
997 2034 1174 2102 committi?
1198 2037 1275 2101 Huc
1290 2035 1383 2113 euim,
1397 2047 1433 2098 ut

481 2142 579 2223 vulgo
600 2142 662 2206 dici
686 2142 775 2222 solet,
797 2165 854 2229 per
875 2154 1062 2224 argenteum
1087 2152 1215 2224 pontem
1238 2138 1392 2203 transitur
1414 2159 1434 2201 a

480 2242 638 2323 sordibus,
664 2265 739 2329 quae
766 2253 980 2308 transeuntem
1009 2241 1060 2306 vcl
1087 2252 1182 2325 ponte
1207 2262 1303 2304 aureo
1330 2261 1433 2326 perse-

481 2359 637 2431 quuntur.

481 2596 560 2679 Cap.
585 2601 634 2660 18.
666 2600 759 2671 Quod
784 2599 943 2661 ambitiosi
967 2598 1170 2671 dissimulant
1195 2618 1227 2658 se
1252 2598 1328 2659 velle
1352 2597 1437 2681 quod

524 2700 660 2762 monime
683 2706 858 2780 appetunt:
895 2707 925 2763 et
950 2699 1069 2780 quibus
1091 2699 1342 2761 accusationibus
1360 2719 1433 2780 pro·

522 2802 660 2882 positum
676 2809 790 2884 tenant.

525 2937 593 3000 San
618 2959 688 3001 ecce
710 2936 750 3000 ad
773 2937 910 3024 aliquem
933 2937 1067 3001 istorum
1092 2935 1353 3022 promovendum,
1375 2951 1432 3002 aut

481 3038 618 3124 cogitur,
644 3052 699 3104 aut
728 3039 976 3104 circumvenitur
1001 3041 1141 3119 ecclesia,
1167 3052 1203 3105 ut
1233 3039 1319 3104 dicat
1349 3039 1432 3105 hosti

481 3138 666 3217 domestico,
689 3142 789 3203 amice
811 3140 944 3204 ascende
970 3140 1127 3223 superius.
1173 3139 1304 3226 stupidi
1324 3140 1433 3225 itaque

480 3241 724 3325 obstupescunt,
747 3263 858 3304 nomen
882 3239 1047 3326 dignitatis
1069 3242 1252 3317 abhorrent,
1268 3240 1432 3324 retugium

481 3361 575 3418 onus·‚
597 3351 629 3404 et
657 3354 692 3404 ut
718 3340 843 3404 avidius
872 3342 1087 3427 impellantur,
1114 3364 1201 3404 more
1228 3343 1277 3419 (nt
1302 3342 1432 3426 dicitur)

481 3441 598 3516 arietis,
628 3456 664 3506 ut
693 3442 809 3507 fortius
842 3443 935 3507 feriat
964 3443 1147 3522 recedentis,
1174 3467 1248 3507 cum
1278 3446 1432 3532 suspiriis,

482 3543 663 3627 gemitibus,
678 3562 710 3611 et
729 3545 921 3632 singultibus
940 3544 1247 3632 interrumpentibus
1268 3547 1434 3614 simulatas
1455 3622 1457 3625 v

479 3647 668 3733 lachrymas,
690 3647 904 3714 retrocedunt.
950 3647 1070 3712 Notum
1097 3647 1253 3733 siquidem
1276 3663 1334 3729 est,
1356 3651 1434 3737 quia

480 3749 569 3814 sedes
595 3751 664 3816 haec
691 3749 788 3815 trahit
814 3763 846 3814 et
872 3748 1004 3836 impellit
1031 3749 1157 3824 inritos
1182 3765 1214 3814 et
1237 3774 1318 3837 quos
1342 3765 1433 3818 notat

480 3849 612 3914 ambitio
626 3850 763 3936 repellit.
796 3850 952 3914 Nituntur
966 3871 1043 3934 ergo
1059 3847 1233 3914 rationibus
1247 3863 1278 3915 et
1293 3853 1432 3916 auctori·

479 3952 601 4016 tatibus
615 3953 739 4028 docere,
754 3975 853 4037 quare
868 3973 920 4014 eos
934 3951 1107 4038 episcopari
1124 3973 1186 4014 non
1202 3952 1322 4017 deceat.
1356 3954 1430 4019 Non

481 4076 560 4134 sum,
576 4053 691 4139 inquit,
708 4053 861 4128 medicus,
877 4065 908 4115 et
929 4053 961 4114 in
977 4051 1072 4114 domo
1095 4072 1164 4113 mea
1184 4073 1245 4115 non
1262 4067 1308 4117 est
1330 4054 1430 4140 panis,

480 4177 537 4219 nec
552 4177 648 4240 penes
669 4178 718 4217 me
733 4154 873 4218 thesauri
893 4167 979 4231 sunt,
996 4152 1079 4215 unde
1094 4152 1127 4214 in
1148 4156 1341 4218 necessitatis
1356 4156 1431 4220 arti-

479 4260 561 4331 culo,
580 4277 661 4322 nova
675 4269 706 4321 et
723 4270 839 4335 vetera,
854 4255 1071 4341 indigentibus
1093 4256 1260 4338 proferam.
1294 4256 1429 4324 Possum

480 4358 589 4442 itaque
619 4359 666 4422 nti
695 4359 897 4422 excusatione
930 4357 1127 4443 prophetica,
1156 4359 1305 4442 quoniam
1340 4360 1430 4448 loqui

479 4460 594 4537 nescio,
610 4473 641 4523 et
657 4461 733 4544 quia
755 4483 835 4545 puer
857 4483 916 4543 ego
939 4479 1020 4535 sum,
1036 4458 1094 4520 etsi
1117 4479 1178 4520 non
1200 4470 1304 4538 aetate,
1322 4484 1430 4528 revera
