4084 5634
539 803 582 862 22
798 814 935 859 rosnurs
949 814 1218 865 ssnrsnsurausrs
1353 800 1491 881 [nurui.

540 969 658 1033 milites
679 967 782 1032 sancti
806 978 890 1042 sunt,
910 977 943 1031 et
964 969 998 1031 in
1022 990 1061 1033 eo
1083 968 1245 1033 fideliores
1267 970 1416 1055 principi,
1431 990 1495 1054 quo

540 1081 667 1134 serrant
688 1067 861 1132 studiosius
884 1067 980 1132 fidem
997 1071 1060 1133 Dei
1067 1093 1076 1146 ;
1106 1082 1139 1134 et
1161 1071 1281 1135 virtutis
1296 1093 1362 1135 snae
1385 1070 1495 1135 utilius

540 1171 671 1253 gloriam
693 1182 893 1254 promovent,
909 1193 972 1254 quo
992 1172 1121 1236 fidelius
1139 1175 1205 1236 Dei
1220 1174 1279 1252 sui,
1295 1174 1329 1236 in
1345 1173 1496 1236 omnibus

542 1271 673 1353 gloriam
690 1283 846 1356 quaerunt

544 1529 624 1613 Cap.
642 1533 671 1592 9.
698 1530 793 1598 Quod
794 1529 887 1610 fides
897 1528 966 1594 Deo
977 1529 1098 1608 dedito,
1110 1533 1153 1593 sit
1165 1533 1268 1594 cuitr's
1278 1533 1405 1595 homini
1413 1552 1494 1614 pre-

576 1633 733 1712 ferendo,
749 1639 969 1694 necterentur
984 1634 1120 1708 homini,
1135 1635 1201 1695 nisi
1216 1633 1284 1696 Deo
1299 1640 1451 1695 serretur.

587 1784 662 1846 Nec
691 1781 795 1856 refert,
822 1779 910 1843 fideli
937 1782 1008 1864 quis
1033 1782 1158 1858 militet,
1185 1803 1225 1844 an
1257 1782 1392 1861 infideli,
1422 1782 1499 1846 dum

544 1896 651 1948 tamen
666 1881 783 1945 militet
798 1880 861 1945 fide
878 1884 1044 1948 incolumi.
1091 1885 1299 1948 Diocletiano
1315 1894 1348 1948 et
1360 1880 1501 1963 Juliuno,

545 1996 577 2049 et
602 1984 673 2049 aliis
696 1983 804 2067 impiis
833 1985 984 2066 leguntur
1007 1985 1160 2049 militasse
1185 1985 1310 2062 fideles,
1336 1998 1370 2049 et
1393 1986 1440 2048 eis
1466 1985 1500 2048 in

546 2087 731 2150 defensione
761 2086 958 2168 reipublicae,
989 2098 1142 2170 tanquam
1171 2088 1374 2171 principibus
1402 2086 1501 2149 fidem

545 2187 742 2262 exhibuisse,
778 2198 811 2250 et
853 2189 1071 2252 reverentiam.
1136 2191 1375 2272 Impugnabant
1415 2188 1502 2252 enim

547 2289 656 2352 hostes
678 2289 813 2373 imperii,
839 2288 897 2352 sed
920 2290 1071 2354 mandata
1092 2290 1154 2354 Dei
1178 2292 1358 2354 servabant
1404 2290 1501 2353 Sede·

546 2392 625 2454 bant
639 2391 801 2474 principes
816 2403 848 2454 et
863 2393 1061 2455 accusabant
1076 2413 1142 2466 eos,
1157 2392 1204 2453 illi
1220 2392 1453 2455 exercebantur
1468 2390 1502 2451 in

542 2491 829 2576 justificationibus
867 2491 1011 2568 Domini,
1041 2502 1223 2553 constanter
1259 2491 1435 2574 loquentes,
1472 2504 1504 2554 et

547 2605 676 2677 agentes
707 2590 776 2656 sine
806 2594 995 2656 confusione
1026 2592 1176 2655 mandata
1211 2591 1281 2676 ejus
1313 2611 1385 2654 cum
1416 2593 1504 2654 omni

547 2695 674 2760 fiducia.
721 2696 833 2760 David
859 2717 987 2780 quoque
1018 2695 1171 2758 militasse
1197 2693 1313 2775 legitur
1337 2694 1448 2772 Achis,
1473 2703 1506 2757 et

548 2798 647 2862 fidem
687 2808 720 2860 et
755 2798 965 2860 reverentiam
1002 2797 1169 2860 militantis
1206 2798 1366 2880 implesse.
1419 2798 1505 2862 Haec

550 2907 654 2960 sutem
686 2898 773 2957 omni
803 2897 926 2957 militine
956 2897 1092 2957 formula
1122 2897 1362 2977 praescribenda
1396 2910 1444 2961 est
1474 2909 1507 2962 et

550 2993 726 3079 implenda,
741 3004 777 3055 ut
799 2995 871 3054 Deo
894 2993 1031 3074 primurn
1052 2993 1136 3055 fides
1151 2994 1269 3072 debita,
1286 2996 1402 3059 deinde
1418 2999 1506 3080 prin·

551 3096 617 3180 cipi
642 3105 675 3157 et
698 3093 884 3177 reipublicae
915 3103 1057 3155 servetur
1085 3094 1266 3158 incolumis.
1310 3098 1357 3160 Et
1381 3120 1507 3184 semper

551 3197 672 3282 majora
687 3195 944 3281 praejudicabunt
958 3195 1145 3275 minoribus,
1155 3197 1229 3281 qnia
1240 3219 1300 3264 nec
1311 3202 1507 3286 reipublice,

550 3323 611 3366 nec
636 3298 717 3364 fides
743 3298 878 3382 principi
909 3297 1065 3362 servanda
1091 3310 1140 3363 est
1169 3312 1280 3366 contra
1306 3304 1424 3384 Deum,
1449 3305 1507 3369 sed

552 3401 729 3467 secundum
746 3400 864 3478 Deum,
879 3401 962 3464 siout
978 3400 1075 3464 habet
1088 3402 1160 3485 ipsa
1175 3407 1346 3490 conceptio
1360 3407 1507 3471 militaris

554 3499 751 3567 sacramenti.
799 3498 896 3561 Unde
911 3500 1084 3581 plurimum
1099 3503 1204 3581 miror,
1220 3504 1247 3566 si
1269 3506 1342 3589 quis
1357 3506 1507 3589 princeps

555 3603 619 3668 illis
638 3602 757 3664 habeat
771 3597 880 3679 fidem,
896 3621 975 3683 quos
990 3597 1077 3665 ridet
1091 3603 1162 3665 Deo
1180 3626 1250 3682 suo,
1264 3606 1328 3682 cui,
1343 3616 1378 3667 ut
1392 3617 1509 3669 caetera

554 3719 689 3782 taceam,
704 3703 800 3766 etiarn
816 3715 1013 3767 sacramento
1029 3705 1149 3768 militiae
1165 3707 1297 3787 obligati
1312 3718 1396 3784 sunt,
1411 3707 1506 3770 fidem

556 3807 698 3873 debitam
734 3827 799 3868 non
836 3825 968 3868 serrare.
1033 3808 1181 3879 Quonam
1223 3810 1335 3871 morbo
1377 3810 1509 3873 rationis

555 3911 688 3985 laborat,
703 3907 759 3990 qui
775 3927 848 3968 eum
864 3905 926 3967 sibi
947 3905 1077 3970 fidelem
1096 3909 1163 3971 sore
1184 3908 1296 3986 credit,
1312 3931 1407 3992 quem
1421 3911 1509 3974 ridet

556 4033 627 4077 esse
650 4019 832 4091 corruptum
856 4017 889 4070 et
910 4005 1067 4090 perfidum
1089 4009 1121 4070 in
1145 4010 1247 4085 illurn,
1263 4010 1315 4072 cui
1337 4011 1508 4095 plurimum

557 4108 672 4178 debet?
712 4106 776 4172 Sed
792 4107 883 4170 timet
897 4107 1084 4191 principem.
1129 4108 1223 4172 Certe
1234 4111 1262 4172 si
1277 4110 1386 4174 sortior
1400 4133 1510 4196 super·

557 4213 688 4290 venerit,
713 4208 907 4296 praetimebit
934 4209 1034 4270 illurn
1078 4210 1212 4283 Amatur
1240 4212 1319 4275 sorte
1348 4214 1510 4298 princeps.

557 4315 600 4377 At
621 4313 649 4374 si
669 4308 839 4394 benignior
860 4318 893 4369 et
915 4306 1146 4370 beneficentior
1167 4310 1360 4394 apparuerit,
1374 4325 1406 4376 et
1420 4313 1509 4378 illurn

505 4441 507 4444 ·
558 4411 753 4498 praesmebit.
799 4411 873 4473 Non
897 4422 946 4473 est
965 4430 1029 4492 quo
1051 4431 1084 4472 se
1107 4432 1171 4474 non
1193 4402 1293 4478 vertat
1311 4415 1439 4500 impius,
1454 4419 1508 4501 qui
