4084 5634
471 840 544 886 cnr.
561 825 599 904 1.]
826 842 1076 886 mercatrices.
1382 829 1422 889 88

469 993 612 1058 demicus
625 1015 691 1076 pra
706 996 830 1059 cetone
845 996 972 1076 placeat
983 995 1108 1072 imitari,
1122 1014 1225 1057 senno
1236 996 1420 1058 succinctus

469 1096 600 1176 aperiet.

469 1381 551 1464 Cap.
573 1386 597 1444 l.
623 1381 716 1449 Quod
742 1379 931 1443 Academia
960 1381 1162 1445 modestiores
1180 1383 1315 1463 suerint
1341 1382 1420 1443 aliis

511 1479 729 1563 Philosophia,
753 1502 831 1564 quoe
854 1482 1019 1542 temeritas
1041 1482 1226 1556 excecavit,
1245 1488 1281 1543 ut
1302 1479 1418 1542 duren-

512 1591 569 1645 tur
581 1584 619 1644 ia
634 1581 804 1663 reprobum
819 1602 955 1644 aeneam.

513 1722 684 1788 Anrmuos
713 1716 843 1799 quidem
868 1715 1079 1797 philosophos
1105 1714 1249 1777 floruisse
1274 1712 1421 1796 ingeniis,

467 1831 502 1884 et
516 1822 623 1884 studio
642 1818 826 1902 profecisse,
836 1815 904 1899 jam
926 1837 992 1878 non
1012 1816 1148 1878 celebris
1163 1815 1273 1897 opinio
1288 1825 1348 1892 est,
1363 1815 1420 1879 sed

472 1922 622 1985 omnibus
644 1920 679 1982 in
705 1940 874 1982 commune
901 1938 1053 2001 persuasa
1083 1917 1249 1980 sententia.
1294 1918 1344 1979 Ad
1369 1938 1419 1980 res

471 2023 557 2084 euim
580 2042 622 2085 ex
648 2032 761 2083 natura
785 2019 849 2082 sere
878 2018 1232 2102 incomprehensibiles,
1254 2017 1361 2080 studio
1390 2028 1422 2081 et

470 2123 697 2186 exercitatione
727 2122 808 2184 viam
839 2118 900 2183 sibi
928 2121 1004 2185 fecit
1030 2120 1205 2202 ingenium,
1234 2132 1267 2182 et
1294 2119 1419 2182 illorum

470 2222 629 2286 beneficio
659 2223 794 2305 plurima
822 2221 987 2304 publicata
1018 2233 1093 2284 sunt
1128 2220 1272 2301 posteris,
1304 2220 1420 2302 quibus

469 2323 642 2404 gaudemus
667 2334 702 2387 et
728 2324 875 2386 miramur
899 2323 1049 2386 inventis.
1094 2321 1255 2384 Mundum
1283 2321 1420 2385 dimensi

470 2437 554 2502 sunt,
570 2426 689 2488 coelum
711 2425 778 2488 suis
800 2425 917 2504 regulis
940 2425 1154 2507 subjecerunt,
1175 2434 1295 2486 naturae
1320 2423 1420 2486 varias
1442 2496 1452 2515 .

469 2527 599 2589 scrutati
620 2539 696 2589 sunt
718 2546 843 2601 causas,
858 2538 890 2588 et
910 2525 1123 2586 universitatis
1146 2523 1306 2605 opificem,
1323 2523 1420 2586 deite-

471 2625 552 2687 catis
567 2625 706 2707 quodam
720 2624 818 2686 modo
840 2637 915 2686 sunt
932 2623 1035 2685 oculis
1055 2624 1275 2702 contemplati.
1321 2624 1423 2693 Quasi

472 2745 548 2804 ergo
574 2725 658 2786 mole
685 2725 846 2804 Gigantea
869 2723 1025 2799 subvecti,
1047 2734 1079 2784 et
1097 2722 1166 2805 jam
1188 2744 1252 2784 uon
1276 2723 1421 2786 humanis

472 2821 592 2885 viribus
613 2823 763 2896 roborati,
784 2822 1010 2898 intumuerunt,
1031 2820 1279 2904 indixeruntque
1301 2823 1421 2885 bellum

471 2923 579 3004 gratia
602 2923 677 2998 Dei,
693 2923 734 2986 de
756 2922 865 3005 rigore
885 2923 1016 2985 rationis
1037 2919 1137 2986 libero
1153 2922 1266 2986 confisi
1281 2923 1421 2997 arbitrio,

471 3044 509 3086 ac
524 3024 551 3086 si
565 3024 743 3087 secundum
758 3024 894 3098 fabulas,
906 3035 1013 3086 essent
1024 3024 1106 3086 coelo
1117 3023 1245 3106 captivo
1259 3024 1421 3100 virtutum,

471 3126 586 3207 quibus
607 3127 830 3202 efferebantur,
844 3125 977 3188 brachia
997 3124 1154 3209 injecturi.
1200 3125 1328 3209 Dejecti
1347 3135 1422 3188 sunt

470 3225 579 3308 itaque
594 3225 670 3288 dum
686 3227 904 3301 allevarentur,
913 3236 946 3288 et
956 3224 1103 3288 dicentes
1113 3248 1148 3288 se
1163 3246 1234 3287 esse
1249 3226 1421 3310 sapientes,

472 3326 563 3386 stulti
591 3325 668 3388 facti
697 3338 788 3400 sunt3
810 3336 843 3386 et
871 3327 1075 3387 obscuratum
1104 3335 1153 3387 est
1181 3325 1339 3406 insipiens
1368 3345 1424 3387 cor

472 3444 592 3501 eorum,
603 3434 639 3487 ut
652 3425 709 3509 qui
724 3424 831 3486 omnia
844 3423 908 3486 fere
924 3434 1143 3505 pernoverant,
1155 3420 1422 3507 perniciosissime

471 3537 611 3589 errarent
632 3526 665 3588 in
688 3525 855 3602 maximis3
877 3535 912 3589 et
928 3523 1024 3588 variis
1038 3523 1183 3589 distracti
1204 3526 1422 3610 opinionibus,

471 3628 566 3690 etiam
599 3628 731 3691 numina
757 3629 948 3709 ignorarent
992 3627 1030 3691 Si
1059 3629 1111 3692 cui
1140 3650 1214 3692 vero
1242 3628 1421 3693 fabularum

471 3728 680 3793 instrumenta
702 3730 858 3792 vilescunt
879 3727 969 3809 (licet
990 3741 1024 3792 et
1042 3731 1083 3792 ab
1106 3731 1197 3794 hoste
1213 3729 1321 3794 doceri
1336 3733 1421 3815 sapi·

470 3830 553 3892 entis
573 3829 699 3893 animus
714 3822 780 3893 noir
796 3830 960 3909 detrectet,
975 3852 1075 3915 quum
1094 3833 1264 3914 peculiaris
1283 3835 1423 3916 populus

471 3928 534 3992 Dei
562 3950 651 4007 auro,
680 3943 822 4011 argento,
851 3931 1005 4002 vestibus,
1034 3942 1067 3995 et
1093 3943 1161 3996 toto
1195 3934 1421 4016 AEgyptiorum

472 4042 585 4096 ornatu
599 4031 827 4114 resplendeat.)
871 4033 906 4096 si
922 4034 1099 4112 gentilium,
1112 4035 1256 4118 inquam,
1271 4034 1424 4114 figmenta

472 4131 641 4208 silescunt,
668 4133 714 4197 sic
741 4133 816 4196 dum
841 4134 876 4197 in
903 4155 1019 4218 campo
1047 4134 1189 4199 Sennaar
1218 4134 1424 4197 fundamenta

473 4233 650 4314 Babylonis
660 4232 741 4315 jacit
754 4234 913 4318 impietas,
928 4234 1005 4298 dum
1019 4237 1114 4298 turris
1128 4234 1284 4309 elationis,
1299 4245 1332 4295 et
1346 4254 1422 4296 con-

474 4330 669 4396 tradictionis
691 4335 840 4398 machina
861 4337 896 4397 in
916 4336 1036 4399 coelum
1051 4335 1191 4414 erigitur,
1207 4331 1247 4394 de
1263 4333 1327 4395 alto
1342 4356 1421 4418 pra·

472 4429 575 4512 cipitii
588 4453 608 4494 a
622 4433 694 4497 Deo
708 4433 793 4497 facta
807 4446 858 4497 est
868 4434 1045 4514 linguarum
1061 4432 1184 4508 divisio,
1199 4433 1421 4519 subtractoque

919 4539 977 4595 at

1445 3210 1488 3433 t
