4084 5634
546 821 585 882 34
787 834 924 879 Joauurs
939 833 1218 880 srnnsnnrunusrs
1352 819 1435 898 [nin.
1453 835 1497 879 vr.

542 987 720 1051 substantia
743 987 815 1070 quis
837 985 987 1050 vendicet
1008 1007 1164 1068 spumam.
1210 987 1358 1052 Profecto
1381 989 1497 1070 diguus

542 1096 590 1150 est
614 1087 812 1169 privilegium
839 1085 983 1169 perdere,
1007 1086 1062 1169 qui
1087 1106 1243 1150 concessa
1268 1088 1331 1152 sibi
1356 1089 1498 1151 abutitur

542 1199 708 1271 potestate.
754 1188 904 1252 Abutitur
931 1196 1038 1250 autem
1064 1187 1146 1271 quis,
1173 1190 1223 1251 vel
1251 1210 1318 1252 non
1347 1186 1496 1253 faciendo

544 1288 631 1374 quod
657 1300 793 1373 oportet,
816 1290 864 1353 vel
889 1288 1038 1352 faciendo
1062 1287 1149 1372 quod
1175 1289 1244 1353 fieri
1270 1312 1336 1354 non
1362 1301 1499 1375 oportet,

544 1402 576 1454 et
595 1411 694 1474 quum
715 1402 883 1473 utmmque
905 1391 946 1453 sit
968 1391 1099 1467 malum,
1123 1400 1159 1452 nt
1178 1390 1303 1471 dicitur,
1328 1403 1497 1476 peccatum

544 1491 664 1555 delicto
685 1492 809 1573 gravius
829 1513 899 1554 esse
920 1492 1011 1555 solet.
1057 1491 1226 1576 Delinquit
1248 1493 1333 1556 euim
1354 1493 1410 1576 qui
1431 1514 1496 1555 non

542 1593 654 1675 implet
682 1593 841 1669 officium3
874 1591 932 1655 sed
962 1594 1058 1675 plane
1087 1604 1212 1674 peccat,
1240 1594 1385 1678 quisquis
1411 1613 1497 1657 com·

543 1692 640 1755 mittit
669 1693 871 1756 contrarium.
924 1693 1007 1755 Albo
1038 1692 1198 1775 siquidem
1231 1694 1356 1775 nigrum
1393 1694 1497 1776 magis

543 1793 722 1877 opponitur,
752 1813 849 1875 quam
878 1813 943 1854 non
974 1793 1092 1868 album,
1125 1803 1157 1855 et
1190 1793 1319 1856 tristitia
1354 1793 1496 1857 laetitiam

544 1895 644 1976 magis
669 1893 846 1977 impugnet,
872 1912 967 1976 quam
992 1912 1067 1976 spes
1090 1904 1145 1955 aut
1168 1894 1272 1968 timor,
1296 1915 1369 1978 quae
1392 1914 1497 1977 neque

543 1997 577 2059 in
600 1997 719 2059 laetitiae
744 1995 900 2058 rationem
927 1993 1058 2073 cadunt,
1082 2016 1142 2059 nec
1167 1997 1196 2059 ei
1221 1996 1361 2060 maxime
1388 1995 1498 2060 adver-

544 2109 662 2161 santur.
706 2099 752 2160 Et
776 2097 905 2178 cingulo
932 2096 1061 2181 quidem
1089 2097 1240 2175 abutitur,
1267 2109 1331 2161 tam
1361 2099 1416 2162 ille
1443 2099 1497 2183 qui

543 2220 608 2262 non
637 2199 750 2282 implet
779 2197 864 2282 quod
901 2208 1026 2281 oportet
1055 2218 1098 2261 ex
1128 2198 1249 2261 militiae
1287 2209 1498 2274 sacramento,

545 2321 640 2383 quam
660 2300 715 2363 ille
736 2301 790 2385 qui
809 2300 979 2383 impugnat
998 2300 1121 2362 militiae
1142 2307 1386 2362 sacramentum.
1431 2298 1496 2361 De·

479 2482 481 2489 Ι
543 2400 660 2486 linquit
688 2411 793 2464 tamen
824 2402 961 2483 gravius,
990 2400 1045 2483 qui
1074 2401 1252 2482 impugnat,
1282 2400 1367 2464 sicut
1395 2399 1498 2462 bostis

542 2523 634 2565 verus
664 2502 779 2583 ignavo
805 2503 906 2565 milite
932 2500 1083 2565 odibilior
1108 2511 1167 2564 est.
1212 2501 1311 2565 Unde
1336 2502 1391 2586 qui
1416 2521 1498 2564 rem·

543 2603 715 2686 publicam,
735 2613 768 2665 et
788 2603 940 2666 inermem
963 2622 1092 2664 manum
1115 2601 1306 2666 militaribus
1325 2602 1420 2666 armis
1439 2603 1498 2665 im·

543 2717 678 2788 pugnat,
702 2705 880 2788 justissime
911 2712 1147 2783 exauctoratur,
1175 2714 1327 2789 tanquam
1355 2704 1410 2767 ille
1443 2703 1501 2788 qui

543 2804 679 2884 figuram
694 2804 843 2868 hostilem
860 2803 1007 2867 induerit.
1049 2804 1115 2868 Sed
1130 2826 1195 2889 prae
1210 2806 1336 2869 caeteris
1350 2805 1499 2868 omnibus

545 2902 654 2964 divino
672 2912 704 2963 et
720 2905 861 2964 humano
877 2903 950 2984 jure
972 2905 1099 2981 gravius
1119 2907 1273 2967 feriuntur
1292 2906 1450 2985 sacrilegi,
1465 2914 1497 2966 et

544 3000 578 3063 bi
601 3001 657 3082 qui
678 2999 773 3062 variis
795 2999 1088 3081 perturbationibus
1111 3002 1302 3083 impugnant
1327 3004 1496 3067 ecclesiam

545 3099 620 3178 Dei,
643 3099 759 3183 quibus
784 3099 840 3161 lex
865 3119 931 3161 non
956 3098 1176 3181 precisionem
1203 3100 1418 3182 dexterarum,
1441 3104 1498 3168 scd

543 3221 673 3284 poenam
700 3201 817 3283 irrogat
843 3200 1022 3284 capitalem.
1074 3201 1108 3265 Si
1132 3203 1345 3286 patrocinium
1370 3204 1499 3269 illorum

546 3313 708 3367 assumant
730 3301 857 3379 Cicero,
877 3317 910 3365 et
932 3301 1182 3381 Demosthenes,
1203 3304 1230 3367 si
1252 3305 1287 3368 in
1309 3303 1499 3369 defensione

545 3424 652 3466 eorum
683 3404 823 3483 linguam
854 3414 961 3479 acuat,
990 3413 1022 3467 et
1056 3405 1153 3467 totius
1186 3405 1308 3485 ingenii
1339 3407 1389 3468 sni
1418 3407 1500 3469 vires

545 3503 713 3564 exhauriat
735 3503 961 3577 Quintilianus,
985 3504 1011 3563 si
1029 3504 1104 3585 jura
1125 3504 1293 3582 viguerint,
1317 3505 1405 3586 quod
1426 3518 1501 3588 post

546 3603 652 3665 Deum
667 3602 701 3663 in
716 3621 813 3663 manu
824 3600 981 3681 principis
992 3614 1052 3676 est,
1064 3598 1207 3664 fortunas
1220 3623 1328 3666 eorum
1340 3615 1373 3667 et
1385 3605 1502 3687 capita,

540 3704 625 3787 quin
638 3702 787 3782 legitimis
802 3701 967 3784 suppliciis
987 3701 1150 3775 feriantur,
1167 3703 1246 3766 tueri
1261 3725 1326 3766 non
1342 3714 1498 3788 poterunt.

547 3802 642 3876 Quod
671 3803 698 3865 si
727 3800 866 3884 gladium
897 3822 988 3865 suum
1017 3801 1168 3866 adversus
1197 3804 1280 3867 tales
1306 3826 1370 3867 non
1397 3809 1500 3871 exerit

545 3903 707 3989 princeps,
727 3903 761 3964 iu
784 3903 928 3987 seipsum
949 3902 1163 3986 proculdubio
1185 3916 1338 3988 provocat
1359 3904 1499 3987 gladium

544 4005 596 4069 bis
622 4014 764 4081 acutum,
791 4024 884 4088 quem
910 4003 943 4065 in
970 4025 1024 4067 ore
1051 4025 1109 4067 sno
1134 4006 1215 4087 gerit
1240 4005 1326 4069 filius
1351 4006 1502 4086 hominis,

546 4105 689 4187 gladium
709 4104 830 4189 utique,
849 4104 904 4189 qui
926 4105 1015 4168 virus
1035 4114 1069 4168 et
1089 4106 1205 4168 efficax
1225 4116 1288 4182 est,
1306 4107 1362 4190 qui
1385 4128 1503 4192 corpus

546 4206 641 4270 findit
662 4217 695 4270 et
717 4206 867 4283 animam,
889 4215 921 4267 et
942 4205 1041 4269 mittit
1061 4205 1093 4268 in
1117 4205 1316 4286 gehennam3
1339 4207 1380 4271 ad
1407 4230 1502 4292 quem

545 4307 680 4371 obtusus
695 4318 744 4372 est
761 4306 864 4370 omnis
879 4304 1016 4388 gladius,
1032 4318 1064 4369 et
1078 4306 1183 4370 omnis
1200 4314 1358 4372 armatura
1372 4310 1503 4392 fragilis,

544 4417 576 4469 et
600 4407 709 4485 fluida,
733 4419 766 4473 et
789 4408 925 4487 infirma,
949 4417 1063 4491 praeter
1089 4408 1187 4486 illam,
1211 4429 1305 4491 quam
1330 4412 1400 4477 sola
1421 4434 1497 4476 con·
