4084 5634
1186 333 1438 439 *sasiri*

479 846 550 890 ore.
567 827 665 906 xvir]
846 823 1101 890 roissrcaarrcus.
1368 819 1432 889 317

480 996 594 1062 tricula
615 994 700 1072 fidei,
714 1007 745 1058 et
769 1015 892 1057 morum
915 1008 973 1069 est,
996 1009 1028 1058 et
1042 1015 1104 1056 uon
1124 1004 1228 1077 potest
1249 993 1290 1056 ab
1305 993 1431 1056 homine

476 1096 626 1182 judicari,
642 1107 674 1158 et
689 1097 790 1179 argui,
814 1092 933 1157 coelesti
950 1093 1117 1180 privilegio
1138 1093 1272 1168 munita,
1289 1092 1432 1179 relinquo

480 1201 648 1262 intactam:
675 1219 731 1259 uec
746 1200 827 1260 enim
844 1195 995 1259 credibile
1011 1207 1070 1268 est,
1087 1194 1174 1280 quod
1190 1217 1226 1257 ea
1235 1194 1431 1258 committere

478 1313 686 1386 praesumant,
701 1298 748 1361 rel
765 1298 954 1382 dignentur,
969 1320 1043 1384 quae
1059 1297 1099 1362 de
1117 1298 1192 1382 jure
1209 1296 1374 1379 gentilium
1397 1297 1430 1360 in

479 1403 671 1487 proesidibus
700 1401 947 1488 provinciarum,
978 1388 1286 1485 etproconsulibus,
1310 1399 1342 1463 id
1372 1414 1432 1479 est,

477 1504 589 1588 legatis
605 1500 740 1569 Caesaris
755 1513 879 1565 constat
899 1523 966 1563 esse
981 1500 1101 1563 illicita.
1146 1502 1219 1573 Qua
1235 1522 1309 1563 vero
1326 1500 1431 1586 impu·
1452 1562 1455 1567 .

478 1603 587 1668 dantia
602 1605 662 1667 boc
677 1615 832 1666 attentare
849 1600 965 1664 audeat
981 1599 1162 1685 discipulus
1177 1601 1333 1679 crucifixi,
1348 1603 1432 1665 vica·

479 1706 548 1769 rius
564 1706 666 1779 Petri,
683 1716 791 1789 pastor
806 1702 995 1777 animarum,
1010 1701 1099 1786 quod
1119 1701 1244 1784 vigente
1257 1702 1429 1766 infidelium

480 1805 658 1891 disciplina,
685 1802 822 1868 vicarius
847 1803 1049 1889 imperaturis
1075 1803 1135 1866 sub
1163 1804 1266 1867 officio
1296 1804 1433 1868 consulis

479 1919 581 1970 rector
604 1927 773 1990 corporum
789 1926 981 1990 praesumere
997 1924 1059 1966 non
1080 1903 1245 1967 audebat?
1269 1906 1367 1969 Poena
1384 1927 1432 1967 re·

480 2008 693 2091 petundarum
717 2028 757 2069 ex
774 2005 992 2091 superioribus
1014 2006 1129 2090 liquet,
1146 2019 1178 2069 et
1195 2018 1258 2069 tam
1278 2005 1433 2070 institutis

479 2109 599 2193 legum,
614 2131 712 2193 quam
733 2107 938 2171 historiarum
956 2106 1110 2191 exemplis
1125 2106 1242 2170 soeculo
1263 2121 1371 2170 nostro
1385 2107 1429 2169 in·

480 2211 596 2285 notuit,
619 2224 651 2274 et
675 2209 761 2296 quod
784 2210 843 2273 nisi
866 2208 898 2271 iu
921 2231 1017 2272 causa
1041 2208 1191 2273 esculenti
1214 2222 1246 2272 et
1272 2208 1432 2294 poculenti

475 2312 580 2399 judici
596 2336 615 2377 a
630 2311 876 2398 provincialibus
891 2319 1034 2394 accipere
1049 2331 1110 2373 non
1129 2309 1252 2389 licebat,
1266 2307 1309 2374 ita
1326 2324 1432 2376 tamen

479 2430 516 2478 ut
531 2429 659 2498 accepta
674 2434 875 2499 nequaquam
892 2411 1041 2474 cederent
1056 2410 1087 2472 in
1111 2411 1251 2473 muneris
1267 2411 1432 2475 rationem.

479 2517 561 2589 Quis
575 2539 651 2599 ergo
666 2514 783 2592 credet,
797 2511 883 2597 quod
905 2525 1011 2597 patres
1030 2511 1180 2591 ecclesiae,
1189 2510 1316 2596 judices
1334 2513 1433 2589 orbis,

479 2629 525 2692 at,
551 2626 586 2679 ut
610 2617 655 2679 ita
678 2614 793 2689 dicam,
815 2611 987 2675 clarissima
1010 2610 1128 2676 lumina
1152 2610 1275 2688 mundi,
1297 2612 1433 2696 diligant

481 2713 1432 2800 munera,sequanturretributiones,provinciasconcutiaut,

483 2833 519 2883 ut
541 2818 703 2882 excutiant
726 2816 856 2896 loculos,
878 2815 1062 2880 exinaniant
1084 2814 1212 2895 alienos,
1235 2830 1269 2880 ut
1297 2814 1433 2879 solident

482 2944 568 3000 suos,
585 2919 688 2984 verbis
703 2918 878 3005 proediccnt
894 2929 1126 3004 paupertatem,
1141 2930 1173 2981 et
1193 2916 1377 2981 criminibus
1392 2916 1433 2981 ad

481 3023 609 3087 divitias
619 3038 797 3107 properent,
805 3021 959 3084 bonorum
972 3017 1184 3105 spiritualium
1192 3018 1342 3082 damnent
1351 3039 1435 3083 com·

479 3126 655 3200 mercia‚.ut
667 3146 739 3187 cum
749 3122 794 3186 eis
803 3121 999 3187 duntaxatin
1012 3120 1130 3186 talibus
1139 3119 1435 3198 contrahereliceat,

478 3225 512 3289 id
528 3241 657 3308 agentes
679 3239 716 3289 ut
730 3225 880 3289 omnibus
903 3224 964 3288 sint
980 3224 1105 3298 terrori,
1129 3236 1277 3287 amentur
1297 3221 1432 3295 anullo,

478 3322 1433 3412 quietemdoceant,utt'aciantrixas,bumilitatemindicant‚

479 3441 511 3492 et
528 3426 688 3506 simulent,
702 3439 739 3490 ut
762 3426 929 3490 vendicent
951 3426 1082 3505 fastum,
1104 3424 1237 3488 alienam
1260 3424 1434 3511 pulsantes,

481 3542 513 3592 et
528 3549 615 3594 suam
631 3528 774 3591 foventes
784 3527 961 3604 avaritiam,
975 3527 1132 3591 dictantes
1145 3526 1336 3612 largitatem,
1348 3540 1435 3592 tena-

482 3630 570 3694 citati
586 3627 782 3692 insistentes:
806 3643 850 3705 et,
863 3641 898 3692 ut
914 3627 1025 3715 paucis
1039 3628 1100 3692 loci
1115 3628 1212 3714 hujus
1226 3628 1387 3694 anfractus
1402 3639 1435 3693 et

479 3729 640 3796 volumina
655 3730 796 3815 spaciosa
809 3729 1011 3816 complectar,
1025 3752 1096 3794 cum
1119 3731 1280 3796 sceleratis
1294 3746 1325 3795 et
1341 3730 1433 3816 flagi·

480 3831 568 3897 tiosis
589 3831 738 3895 omnibus
760 3843 916 3917 ponentes
935 3831 1123 3917 portionem,
1146 3845 1202 3895 aut
1221 3830 1343 3916 flagitia
1361 3855 1434 3897 ven-

479 3934 622 3999 dicantes
637 3933 669 3995 in
686 3931 835 4008 solidum,
853 3945 888 3994 ut
904 3932 1074 3996 videantur
1085 3931 1254 3995 concilium
1272 3933 1432 4009 vanitatis,

479 4035 591 4120 iniqua
605 4033 783 4117 gerentium
800 4033 832 4094 in
849 4053 1022 4115 synagoga,
1038 4030 1168 4095 ecclesia
1180 4031 1432 4117 malignantium,

481 4139 512 4200 in
528 4156 664 4221 quorum
681 4133 1119 4216 manibusiniquitatessunt,
1130 4144 1161 4195 et
1177 4131 1310 4197 dextera
1321 4155 1431 4199 eorum

482 4235 601 4320 repleta
616 4249 663 4300 est
674 4235 882 4300 muneribus?
905 4232 997 4298 Absit
1011 4243 1047 4297 ut
1061 4233 1120 4296 boc
1131 4233 1303 4319 quisquam
1315 4235 1432 4302 audeat

482 4334 654 4421 suspicari:
678 4359 716 4400 ne
728 4336 820 4400 cadat
836 4335 867 4398 in
883 4355 1068 4421 quenquam
1082 4346 1206 4397 tantum
1222 4333 1334 4412 scelus,
1346 4349 1383 4401 ut
1397 4360 1433 4403 oa

483 4458 575 4501 suum
592 4451 689 4522 ponat
707 4439 739 4502 in
754 4437 884 4513 coelum,
906 4450 938 4501 et
953 4449 1083 4522 patrum
1105 4457 1180 4521 quoe
1199 4456 1262 4500 non
1285 4448 1360 4503 sunt
1374 4460 1434 4527 pu.
