4084 5634
498 333 1078 552 lllltwllt'linb

637 843 697 902 150
892 855 1029 900 roauurs
1043 853 1322 901 sarasar-:amnne
1430 841 1513 917 [rra.
1531 858 1589 901 vu.

634 1007 762 1071 scientia
777 1021 809 1070 et
822 1005 949 1070 levitate
962 1028 1096 1069 morum.
1128 1007 1273 1071 Sordidis
1287 1007 1428 1071 vestibus
1444 1010 1485 1072 ab
1498 1004 1588 1071 initio

634 1109 767 1173 indutus
778 1129 860 1186 sum,
872 1121 904 1172 et
916 1131 969 1173 eas
983 1130 1148 1194 nunquam
1161 1109 1315 1192 sanguine
1327 1111 1412 1195 agui,
1424 1125 1480 1174 aut
1497 1111 1589 1174 vesti-

633 1212 695 1274 bus
711 1210 821 1274 studui
842 1210 1000 1274 dealbare.
1039 1210 1207 1288 Quomodo
1221 1233 1298 1297 ergo
1319 1227 1428 1278 sancta
1445 1212 1588 1276 tractabo

631 1312 786 1397 pollutus,
802 1326 871 1389 aut,
886 1311 974 1398 quod
990 1312 1183 1376 sacerdotem
1205 1328 1342 1400 oportet,
1358 1315 1479 1400 polluta
1496 1337 1587 1376 muu-

631 1415 737 1479 dabo?
764 1413 847 1478 Nam
862 1417 964 1499 legem
979 1413 1192 1480 indesinenter
1204 1417 1368 1492 contemsi,
1385 1431 1416 1480 et
1434 1418 1585 1479 Sanctum

631 1517 704 1594 Dei,
720 1517 903 1603 increpante
919 1515 1096 1592 Ezechiele‚
1113 1517 1254 1603 polluere
1269 1541 1330 1582 nou
1345 1515 1475 1582 cessavi.
1510 1521 1586 1582 Mea

629 1642 706 1704 ergo
728 1620 896 1706 promotio,
911 1618 1021 1706 populi
1045 1619 1181 1705 dejectio
1203 1635 1262 1685 est.
1299 1623 1406 1684 Ruina
1427 1619 1584 1718 siquidem

620 1806 629 1817 ·
652 1747 671 1785 o
698 1722 740 1787 uli
765 1721 1047 1812 sacerdotesmali.
1079 1723 1171 1787 Facti
1192 1738 1267 1790 sunt
1281 1746 1363 1788 enim
1386 1723 1416 1785 in
1432 1724 1591 1809 laqueu'n'i'

629 1826 751 1911 populi,
767 1825 941 1891 existentes
961 1825 991 1888 in
1015 1827 1155 1911 specula,
1171 1839 1203 1891 ct
1227 1826 1308 1891 sicut
1330 1841 1397 1891 rete
1417 1839 1582 1890 extensum

627 1928 666 1990 ad
683 1928 889 1992 involvendas
903 1926 1031 1991 animas.
1074 1929 1187 1992 Terret
1206 1952 1255 1992 me
1272 1932 1416 2013 Aggeus,
1433 1927 1585 2012 parabola

627 2028 760 2111 mystica
780 2027 944 2092 sacerdotii
960 2028 1138 2110 periculum
1162 2032 1353 2115 exprimens,
1369 2043 1400 2092 et
1417 2029 1584 2092 manifeste

626 2128 753 2206 docens,
775 2128 852 2215 quia
872 2131 1010 2212 populus
1031 2150 1049 2190 a
1072 2127 1270 2190 sacerdotum
1295 2128 1435 2191 moribus
1457 2128 1582 2190 facilius

626 2229 703 2291 vitia
731 2228 899 2303 contrahit,
929 2250 1027 2314 quam
1057 2227 1203 2292 virtutes.
1256 2230 1434 2311 Interroga,
1464 2227 1581 2312 inquit,

624 2330 803 2394 sacerdotes
822 2333 936 2414 legem,
951 2343 983 2392 et
1006 2329 1058 2393 dic
1079 2327 1141 2393 eis:
1174 2330 1208 2395 Si
1231 2344 1428 2394 sacrosancta
1451 2329 1499 2391 vel
1525 2351 1580 2391 vas

623 2445 765 2498 sanctum
788 2430 957 2514 contigerit
977 2429 1114 2515 alicujus
1138 2430 1372 2508 vestimentum,
1395 2430 1419 2492 si
1442 2429 1580 2492 sanctifi-

622 2547 695 2598 cant
711 2556 782 2596 eum
799 2556 838 2596 ex
862 2556 899 2596 eo
915 2532 1001 2619 quod
1025 2530 1207 2617 contingit?
1240 2533 1282 2596 Et
1301 2554 1402 2618 quum
1423 2532 1577 2595 dixissent

622 2635 798 2700 sacerdotes
813 2636 888 2720 quia
910 2655 973 2697 non
996 2633 1183 2710 sanctificat,
1200 2633 1282 2699 dixit
1305 2633 1346 2697 ad
1362 2657 1414 2697 eos
1430 2654 1577 2697 rursum:

623 2741 656 2803 Si
671 2739 874 2804 immunditia
893 2740 1063 2824 contigerit
1079 2742 1302 2803 vestimentum
1327 2738 1448 2814 mundi,
1467 2751 1575 2801 utrum

621 2841 745 2923 polluat
760 2842 855 2905 eum?
879 2843 924 2904 Et
940 2841 1103 2917 dixerunt,
1120 2841 1196 2926 quia
1212 2840 1337 2926 polluit.
1366 2838 1577 2904 Tolerabilius

620 2966 696 3025 ergo
718 2954 765 3005 est
789 2965 837 3004 me
861 2963 959 3004 unum
985 2943 1122 3026 propriis
1142 2943 1284 3004 consumi
1309 2941 1405 3016 vitiis,
1421 2963 1517 3025 quam
1541 2940 1573 3003 in

620 3043 737 3107 multos
753 3044 901 3107 vitiorum
924 3042 1061 3106 diffundi
1079 3055 1209 3128 pestem.
1249 3043 1298 3107 Ad
1317 3043 1384 3105 baec
1400 3043 1425 3105 si
1442 3064 1576 3129 persona

619 3159 701 3211 esset
728 3168 960 3231 usquequaque
992 3144 1170 3223 laudabilis,
1197 3145 1221 3208 si
1253 3166 1314 3208 non
1346 3167 1444 3208 essem
1476 3147 1575 3208 curte

618 3249 755 3317 nexibus
777 3248 929 3333 illigatus,
952 3270 1002 3311 me
1029 3247 1173 3316 Micheas
1194 3247 1361 3311 durissime
1385 3246 1509 3333 repellit
1532 3247 1574 3310 ab

617 3352 720 3433 aditu,
740 3373 803 3416 non
827 3353 932 3416 serens
960 3351 1047 3437 Syon
1073 3351 1222 3417 aedificari
1247 3352 1279 3414 in
1301 3351 1521 3436 sanguinibus,
1541 3363 1573 3413 et

618 3453 815 3518 Hierusalem
832 3455 864 3516 in
881 3454 1052 3536 iniquitate
1067 3454 1246 3540 principum
1265 3476 1405 3516 suorum.
1438 3453 1501 3516 Hic
1516 3465 1573 3514 aut

616 3554 706 3618 nulla
725 3567 784 3628 est,
800 3565 856 3615 aut
879 3553 1054 3636 compulsa,
1070 3565 1126 3616 aut
1146 3553 1294 3616 simulata
1317 3552 1437 3616 electio.
1478 3552 1571 3612 Hanc

616 3678 743 3744 quoque
772 3667 893 3741 partem
923 3667 1074 3739 protensa
1108 3655 1325 3738 disputatione
1354 3653 1569 3739 prosequitur.

616 3762 779 3824 Postremo
808 3778 840 3819 se
874 3756 1053 3841 promoveri
1083 3778 1144 3819 non
1175 3778 1267 3842 posse
1296 3757 1362 3819 sine
1391 3755 1569 3842 suspicione

613 3862 791 3925 simoniacae
802 3857 979 3944 pravitatis,
991 3880 1092 3943 quum
1104 3859 1145 3922 ob
1159 3858 1218 3922 boc
1226 3859 1294 3945 jus,
1306 3860 1567 3926 etauctoritatem

614 3963 720 4050 sigilli,
732 3974 787 4026 aut
799 3959 925 4037 cimelii,
934 3973 990 4024 aut
1003 3959 1121 4037 scrinii,
1133 3961 1244 4024 emisse
1254 3961 1412 4030 videatur,
1425 3959 1495 4022 licet
1506 3957 1569 4022 alia

613 4080 717 4131 mente
732 4063 772 4128 ad
787 4062 975 4148 obsequium
992 4064 1169 4148 potestatis,
1180 4063 1259 4127 sicut
1275 4084 1414 4148 praesens
1430 4074 1567 4125 testatur

611 4169 689 4245 dies,
705 4191 770 4253 qua
789 4165 931 4230 delatum
951 4167 1102 4230 honorem
1125 4165 1257 4250 respuit,
1274 4177 1353 4227 teste
1374 4163 1565 4227 conscientia

611 4270 786 4343 accesserit,
808 4267 958 4330 affectans
982 4278 1017 4328 ut
1038 4287 1094 4348 per
1117 4264 1177 4328 boc
1198 4266 1263 4327 sine
1284 4286 1377 4327 onere
1399 4263 1566 4327 sortiretur

610 4372 769 4434 honorem.
808 4368 1005 4455 Apostolicas
1028 4390 1157 4452 quoque
1180 4367 1356 4430 sanctiones
1380 4367 1511 4452 replicat
1536 4381 1567 4429 et

608 4471 752 4549 resolvit,
765 4471 885 4558 quibus
900 4469 1022 4556 pridem
1041 4481 1197 4533 statutum
1211 4483 1270 4547 est,
1285 4482 1319 4532 ut
1336 4492 1352 4532 a
1370 4469 1466 4539 sacris
1481 4467 1565 4531 urdi-
