4084 5634
556 845 597 904 4ο
810 858 947 904 rosnrrrs
962 858 1241 905 sssnsnsrunrvsrs
1305 846 1313 861 “
1373 843 1455 922 [cnr.
1470 859 1515 904 vr.

559 1013 656 1075 turios
681 1012 814 1074 faciunt.
858 1012 933 1073 Non
960 1012 1087 1093 estqui
1111 1033 1186 1074 cum
1210 1013 1257 1074 eis
1281 1012 1357 1074 velit
1381 1031 1511 1075 manum

561 1132 736 1188 conserere,
751 1125 807 1174 aut
821 1112 876 1195 qui
891 1112 967 1175 velit
981 1133 1075 1194 aequo
1090 1113 1195 1176 Marte
1215 1112 1294 1196 quid
1314 1113 1440 1176 valeant
1454 1131 1511 1174 ex·

560 1213 667 1297 periri.
727 1212 849 1275 Armati
871 1214 1008 1276 inermes
1032 1212 1072 1276 ad
1099 1213 1289 1296 campestria
1313 1223 1510 1297 provocant3

561 1313 617 1377 sed
646 1315 784 1377 inermes
805 1315 846 1376 ad
859 1349 863 1355 ·
876 1315 1043 1392 silvestria,
1065 1317 1142 1400 quia
1171 1315 1211 1378 de
1240 1316 1368 1398 propria
1396 1314 1510 1377 virtute

561 1413 689 1491 diffidit,
712 1436 806 1478 nemo
829 1428 1007 1479 nostrorum
1039 1418 1246 1501 persequitur.
1292 1417 1424 1480 Utinam
1445 1435 1512 1477 me·

560 1519 688 1580 moriter
703 1519 888 1592 tenuissent,
902 1517 990 1601 quod
1001 1518 1042 1581 de
1058 1518 1232 1599 cisalpinis
1247 1518 1394 1580 Romana
1407 1526 1513 1579 narrat

560 1616 700 1694 historia,
716 1620 809 1702 cujus
824 1620 918 1682 rerba
938 1632 1012 1682 sunt
1032 1621 1121 1682 haec:
1145 1619 1380 1700 Cisalpinorum
1396 1615 1512 1680 incolis

557 1719 655 1781 animi
686 1721 831 1798 serarum,
854 1741 987 1803 corpora
1014 1723 1090 1804 plus
1119 1742 1215 1804 quam
1244 1719 1386 1781 humana
1408 1727 1512 1780 erant·

559 1819 624 1882 Sed
638 1821 858 1903 experimento
874 1820 1109 1904 deprehensum
1124 1830 1184 1898 est,
1197 1821 1273 1905 quia
1287 1820 1385 1882 virtus
1399 1838 1507 1882 eorum

558 1922 642 1985 sicut
657 1922 759 2006 primo
782 1923 903 2009 impetu
925 1924 1026 2008 major
1047 1935 1097 1986 est
1117 1944 1213 2007 qnnm
1237 1923 1384 2000 virorum,
1397 1921 1445 1984 ita
1458 1940 1506 1984 se·

558 2045 661 2107 quens
690 2024 794 2086 minor
823 2046 917 2107 quam
949 2025 1136 2088 feminarum
1167 2036 1223 2086 est.
1274 2024 1393 2104 Alpina
1422 2023 1506 2086 enim

556 2144 689 2208 corpora
703 2125 854 2188 humente
870 2127 953 2189 coelo
969 2126 1116 2203 educata,
1131 2125 1253 2188 habeut
1266 2124 1388 2207 aliquid
1404 2124 1507 2186 simile

555 2226 681 2289 nivibus
696 2228 773 2304 suis,
788 2249 885 2308 quum
909 2249 986 2290 mox
1007 2227 1199 2290 incaluerint
1211 2247 1330 2309 pugna,
1346 2224 1451 2287 statim
1472 2225 1506 2285 in

554 2327 700 2390 sudorem
716 2339 802 2403 eunt,
818 2340 851 2391 et
865 2328 928 2390 levi
944 2339 1034 2391 motu
1049 2327 1140 2410 quasi
1156 2328 1223 2389 sole
1237 2328 1395 2389 laxantur.
1417 2324 1504 2388 Alibi

554 2448 682 2511 quoque
712 2429 898 2511 Alpinarum
931 2429 1074 2509 gentium
1104 2428 1212 2490 feritas
1242 2426 1336 2491 facile
1366 2426 1416 2488 vel
1445 2446 1505 2508 per

553 2530 701 2593 mulieres
723 2531 910 2608 ostenditur,
925 2552 997 2614 quae
1018 2528 1247 2593 deficientibus
1269 2527 1351 2603 telis,
1366 2526 1503 2589 infantes

551 2652 626 2694 suos
641 2632 779 2697 afflictos
795 2634 885 2697 humi
898 2633 930 2694 in
955 2652 1011 2695 ora
1030 2632 1165 2694 militum
1187 2631 1321 2694 adversa
1339 2629 1503 2692 miserunt.

552 2733 588 2796 Si
602 2744 710 2797 essent
723 2736 820 2818 plane
832 2736 888 2817 qui
902 2736 1129 2818 impugnarent
1140 2733 1351 2797 Nivlcollinos
1366 2741 1502 2808 nostros,

551 2833 762 2915 proculdubio
784 2837 995 2898 vincerentur.
1043 2834 1119 2908 Sed,
1135 2846 1170 2897 ut
1184 2835 1229 2897 ait
1244 2834 1420 2910 Amentius,
1435 2853 1500 2896 non

550 2944 599 2993 est
630 2934 684 3013 qui
715 2933 812 2994 iaciat
842 2933 1000 3004 iacienda,
1031 2954 1104 3013 quae
1130 2936 1194 2994 lere
1218 2934 1328 3014 perfici
1358 2934 1503 2994 ultronea

550 3031 675 3094 fortuna
710 3031 883 3114 compellit.
946 3031 1109 3092 Armatam
1140 3031 1340 3113 provinciam
1371 3029 1501 3094 inermis

549 3130 752 3216 imbellisque
792 3130 955 3196 barbaries
992 3128 1185 3212 aggreditur,
1221 3129 1436 3215 depopulatur
1468 3146 1501 3196 et

549 3245 661 3313 vostat,
675 3246 707 3298 et
721 3236 776 3319 qui
792 3233 881 3298 domi
897 3256 963 3298 suae
984 3234 1092 3309 esurit,
1109 3233 1209 3297 milite
1229 3246 1337 3298 nostro
1352 3232 1498 3309 cedente,

548 3335 589 3399 de
610 3349 720 3401 nostro
747 3338 887 3413 satiatur,
909 3348 941 3401 et
966 3337 999 3399 iu
1024 3348 1132 3400 nostro
1155 3337 1234 3400 facit
1255 3337 1390 3401 luxuriae
1414 3335 1498 3399 diem

545 3439 672 3499 festum.
726 3439 882 3521 Nunquid
912 3439 997 3501 enim
1027 3460 1092 3501 uon
1116 3438 1204 3500 cedit
1225 3437 1329 3513 miles,
1351 3438 1408 3518 qui
1433 3458 1498 3499 non

547 3536 673 3618 repellit
687 3535 811 3599 hostem
835 3539 1018 3613 irruentem,
1032 3548 1064 3598 et
1082 3534 1327 3598 imminentem?
1373 3537 1409 3599 si
1424 3556 1498 3598 vero

546 3656 606 3699 nec
627 3657 716 3699 amor
737 3638 857 3719 patriae,
871 3656 932 3698 nec
953 3656 1058 3698 rerum
1081 3635 1208 3712 damna,
1223 3656 1283 3698 nec
1306 3635 1418 3698 salutis
1438 3637 1497 3698 im·

545 3736 693 3799 minentis
710 3737 750 3800 ab
773 3737 865 3799 hoste
888 3735 1107 3818 dispendium,
1123 3735 1174 3798 vel
1195 3734 1326 3819 pudoris
1347 3737 1496 3799 stimulus

545 3838 692 3901 virtutem
715 3838 837 3901 militias
860 3852 977 3900 nostrie
1000 3837 1143 3901 excitare
1165 3835 1332 3915 debuerat,
1354 3838 1408 3900 cui
1425 3838 1495 3922 jam

544 3940 675 4003 inermis
690 3953 723 4003 et
737 3939 1052 4002 insolensWalensis
1068 3940 1209 4002 insultat
1255 3939 1496 4002 Proverbialiter

543 4040 608 4105 dici
624 4042 717 4119 solet,
728 4041 805 4124 quia
819 4040 934 4103 misere
948 4052 1030 4103 terra
1043 4049 1093 4103 est
1107 4060 1202 4122 quam
1219 4060 1315 4119 agaso
1331 4040 1381 4101 vel
1396 4040 1494 4101 mulio

543 4142 762 4226 depopuletur.
801 4140 898 4214 Quod
913 4142 939 4204 si
952 4142 1044 4203 nulla
1058 4140 1281 4204 exhortatione
1292 4140 1383 4216 virili,
1394 4141 1495 4203 nostri

542 4259 677 4325 possunt
691 4244 808 4307 milites
819 4241 859 4306 ad
877 4242 978 4305 virilia
991 4242 1128 4318 incitari,
1137 4241 1186 4302 vel
1204 4254 1318 4304 matres
1333 4254 1365 4302 et
1379 4262 1495 4304 uxores

541 4342 726 4408 cedentium
757 4367 813 4409 eos
835 4354 970 4426 urgeant
994 4342 1035 4406 ad
1059 4342 1216 4404 virtutem.
1263 4343 1345 4404 Nem
1373 4341 1493 4426 aliquid

545 4445 607 4506 tale
621 4444 654 4505 in
668 4446 783 4524 priscis
794 4445 936 4508 historiis
949 4443 1116 4508 invenitur.
1161 4442 1265 4518 Quum
1279 4444 1364 4506 enirn
1375 4444 1495 4507 irmen-
