4084 5634
539 818 746 897 cne.xx111.]
909 835 1160 879 eosrcanrrcus.
1186 897 1189 903 Ι
1437 819 1494 877 183

536 984 729 1070 aliquis,uta
738 997 918 1049 sanctorum
927 985 1084 1048 consortio
1097 997 1247 1047 evocatus
1256 983 1449 1058 ascenderet,
1459 999 1491 1046 et

540 1099 652 1171 postea
673 1107 846 1150 conversus
869 1099 1056 1166 retrorsum,
1072 1085 1150 1170 quid
1174 1083 1337 1169 quaesierit
1359 1104 1490 1169 operum

539 1189 717 1253 testimonio
729 1189 913 1253 declarasse.
938 1191 984 1252 At
995 1188 1048 1250 ille
1057 1187 1198 1273 judicem
1212 1208 1304 1249 suum
1316 1185 1423 1262 babet,
1435 1208 1492 1248 nec

541 1304 644 1354 tamen
662 1312 805 1376 unquam
818 1293 1016 1354 committere
1029 1290 1145 1374 potuit,
1159 1302 1195 1353 ut
1204 1288 1407 1352 sanctissimae
1420 1309 1492 1372 pro·

538 1392 684 1458 fessionis
690 1393 821 1478 gloriam
830 1394 1022 1477 denigraret.
1034 1396 1083 1456 De
1090 1396 1211 1478 Magno
1219 1395 1492 1488 Myssltjtfzmissem

539 1493 645 1557 adbuc
660 1507 862 1580 assumptum
885 1492 1005 1571 audivi,
1018 1477 1304 1557 Maisan]
1328 1513 1490 1576 nunquam

539 1609 731 1675 assumatur,
740 1613 796 1659 aut
807 1594 890 1669 talis,
903 1593 957 1679 qui
969 1593 1059 1657 nullo
1070 1593 1229 1658 decoloret
1242 1603 1313 1656 actu
1327 1593 1490 1657 hominum

538 1697 709 1781 singularis
723 1697 903 1760 eminentias
925 1708 1132 1760 venustatem.
1177 1695 1240 1760 Alii
1257 1694 1422 1770 Basilium,
1438 1692 1491 1758 alii

539 1799 762 1874 Benedictum,
776 1799 807 1861 hi
820 1799 1047 1882 Augustiuum,
1060 1811 1093 1862 at
1108 1797 1160 1861 isti
1172 1798 1361 1882 singularem
1379 1797 1491 1882 magis-

539 1913 623 1963 trum
641 1900 771 1975 babent,
794 1897 957 1964 dominum
973 1905 1083 1965 Jesum
1108 1899 1284 1963 Christum.
1330 1900 1420 1963 Licet
1437 1923 1493 1962 au·

537 2014 602 2064 tem
619 2001 695 2065 istat
716 2001 797 2065 duas
819 2001 1038 2087 professiones,
1060 2000 1164 2065 minus
1180 2015 1284 2065 tamen
1309 2024 1405 2088 quam
1430 2025 1493 2065 me-

540 2102 672 2177 ruerint,
686 2103 981 2179 commendaverim,
994 2103 1086 2178 nibil,
1097 2106 1168 2167 Deo
1179 2107 1306 2179 teste-‚in
1319 2104 1493 2187 sugillatio-

540 2227 610 2268 nem
621 2204 768 2283 aliorum,
780 2207 811 2269 in
828 2205 1079 2290 professionibus
1091 2207 1156 2270 suis
1173 2220 1256 2270 recte
1266 2206 1491 2284 incedentium,

539 2306 669 2391 protuli.
693 2310 799 2371 Sancti
811 2321 885 2371 suut
897 2307 1008 2392 utique
1020 2306 1253 2382 Cistercienses,
1270 2307 1499 2411 Cquiaqenses

541 2410 658 2482 sancti;
682 2410 781 2472 sancti
791 2410 937 2473 monachi
953 2424 985 2474 et
1000 2410 1140 2472 canonici
1154 2408 1323 2494 regulares,
1337 2425 1369 2475 et
1386 2411 1416 2474 in
1433 2411 1493 2485 his,

542 2513 624 2576 sicut
640 2511 732 2576 stella
751 2534 770 2574 a
786 2512 877 2576 stella
897 2512 1005 2576 differt
1022 2515 1054 2575 in
1077 2513 1233 2586 claritate,
1255 2528 1329 2578 sunt
1351 2514 1404 2577 alii
1425 2514 1494 2578 aliis

541 2612 1151 2699 sanctiores‚etquamvisprofessionem
1160 2613 1494 2699 professioautecedat,

539 2716 571 2776 in
588 2713 701 2798 quavis
716 2735 824 2776 earum
841 2714 923 2776 forte
940 2715 1150 2800 reperientur,
1167 2715 1222 2800 qui
1238 2716 1360 2800 possint
1376 2719 1494 2780 sanctis

540 2814 759 2899 superioribus
773 2815 947 2900 adaequari.
994 2815 1092 2880 Plane
1109 2817 1267 2900 virginum
1284 2818 1406 2903 primus
1419 2841 1492 2900 gra-
1514 2874 1517 2880 .

539 2916 601 2980 dus
615 2929 647 2979 et
663 2916 833 3001 singularis
852 2917 961 3002 gloriae
983 2919 1099 2983 titulus
1114 2932 1181 2983 est:
1207 2919 1237 2982 in
1257 2920 1494 2985 continentibus

540 3032 657 3093 tamen,
673 3032 705 3083 et
720 3020 912 3105 conjugatis,
929 3021 1012 3084 forte
1034 3034 1108 3084 sunt
1124 3021 1223 3108 aliqui
1239 3021 1349 3086 multis
1365 3022 1494 3106 virgini·

538 3119 599 3182 bus
614 3120 811 3202 praeferendi.
858 3122 1101 3186 Confessoribus
1111 3137 1266 3208 martyres
1279 3124 1493 3208 praefereudos

540 3219 696 3283 catholica
718 3222 888 3285 confitetur
902 3223 1043 3301 ecclesia,
1064 3238 1215 3287 ettamen
1239 3223 1406 3287 nonnullos
1421 3246 1494 3286 con-

541 3320 686 3399 fessores,
707 3320 871 3405 aliquibus
893 3324 1089 3406 martyribus
1112 3325 1193 3386 forte
1223 3323 1328 3407 quoad
1359 3322 1495 3408 aliquid,

539 3443 600 3484 non
632 3420 796 3485 verebitur
825 3445 1001 3507 coaequare.
1049 3427 1116 3487 Nec
1144 3424 1299 3508 estquod
1324 3448 1356 3488 se
1379 3423 1496 3512 aliquis

538 3522 751 3598 saecularium,
776 3525 834 3587 mei
850 3524 968 3588 scilicet
992 3524 1153 3605 similium,
1171 3527 1350 3612 jamdictis
1372 3528 1493 3613 profes·

538 3624 680 3688 sionibus
704 3625 858 3701 conferat,
884 3629 962 3711 quia
979 3626 1032 3690 vix
1048 3641 1095 3691 est
1113 3646 1148 3692 ut
1172 3629 1331 3714 quispiam
1349 3630 1420 3694 talis
1444 3629 1493 3693 vel

540 3730 655 3812 ignaro
677 3727 846 3792 coenobitae
879 3728 978 3812 possit
1008 3731 1138 3815 aequari.
1185 3731 1217 3795 Si
1247 3731 1319 3814 quis
1348 3732 1430 3796 enim
1462 3733 1493 3796 in

541 3828 643 3903 nobis,
658 3853 677 3890 a
694 3830 890 3912 Septembris
914 3830 1028 3893 Idibus
1045 3832 1201 3916 usquead
1220 3833 1350 3911 Pascha,
1368 3835 1495 3918 jejunet

539 3932 623 3995 omni
639 3931 701 4007 die,
718 3933 881 3996 nocturnis
898 3934 986 3997 adsit
1001 3935 1128 4018 vigiliis,
1146 3935 1269 4019 jugiter
1283 3937 1438 4003 abstineat
1453 3937 1494 4001 ab

539 4056 594 4097 esu
618 4034 916 4109 carnium,omnem
943 4037 1071 4101 Veneris
1099 4037 1334 4101 immunditiam
1366 4038 1494 4116 nesciat,

540 4136 630 4200 boris
645 4137 901 4222 competentibus
915 4157 1078 4221 nunquam
1100 4136 1192 4209 desit,
1214 4150 1269 4201 aut
1291 4160 1374 4215 raro,
1390 4141 1497 4203 ethos

536 4257 575 4296 ex
582 4235 671 4317 justa
681 4256 793 4306 causa;
811 4234 992 4297 sobrietatis
1004 4234 1119 4297 limites
1135 4258 1197 4299 non
1210 4237 1354 4318 excedat,
1366 4251 1492 4304 cautam

538 4349 636 4418 ponat
652 4335 766 4399 silentii
789 4335 966 4400 custodiam
988 4337 1034 4399 ori
1052 4360 1120 4412 suo,
1143 4353 1175 4401 et
1196 4336 1328 4401 diurnos
1347 4362 1496 4407 excessus

540 4434 645 4500 deleat
661 4437 875 4502 satisfactione
887 4439 1085 4519 quotidiana,
1102 4454 1134 4503 et
1149 4441 1237 4526 quod
1251 4443 1437 4528 praecipitur
1451 4445 1499 4510 in-

542 4539 850 4617 cunctanter,et.sine
862 4563 950 4604 mora
958 4542 1137 4626 explent,ct
1147 4566 1207 4606 non
1220 4547 1503 4617 modoverborum,

1520 1571 1540 1966 l
