4084 5634
462 811 535 856 cae.
550 794 591 875 1.]
810 812 1067 859 eoarcmrrcus.
1397 797 1415 854 t

460 964 487 1026 si
509 965 640 1029 barbam
660 967 758 1042 vellit,
778 966 807 1029 si
826 985 918 1028 aures
937 964 1031 1049 quasi
1051 963 1185 1026 nimium
1208 959 1318 1026 breves
1339 984 1411 1046 pro-

459 1063 556 1143 ducit,
579 1066 608 1128 si
630 1064 687 1130 dat
711 1068 847 1149 alapam,
869 1076 925 1127 aut
949 1063 1090 1148 percutit
1115 1083 1225 1146 pugno
1250 1062 1361 1144 impie,
1384 1062 1412 1126 si

456 1166 588 1228 alterum
605 1168 687 1230 eruit
701 1168 840 1242 oculum,
850 1165 970 1228 sustine
986 1165 1154 1247 patienter,
1165 1163 1227 1225 nisi
1244 1175 1411 1246 utrumque

403 1304 406 1308 -
458 1267 560 1330 mavis
582 1270 750 1344 amittere3
772 1268 849 1353 quia
867 1266 1026 1350 quicquid
1048 1277 1254 1348 praesumunt,
1275 1265 1412 1328 Caesaris

458 1364 572 1430 dextra
597 1368 716 1431 factum
738 1368 897 1451 jactitant.
942 1368 977 1429 Si
1000 1367 1099 1428 telum
1127 1386 1226 1428 manu
1247 1376 1362 1446 gestas,
1384 1365 1412 1428 si

456 1478 665 1548 spontaneam
701 1468 861 1533 detractas
896 1468 1039 1551 praebere
1076 1466 1243 1543 cervicem,
1272 1476 1411 1530 ventrem

456 1567 569 1641 nudat,
598 1580 739 1635 ostentat
763 1570 925 1652 jugulum,
952 1567 1109 1630 cervicem
1140 1566 1294 1643 extendit,
1318 1577 1351 1630 et
1378 1578 1410 1632 te

457 1679 620 1750 provocat,
635 1681 672 1732 ut
691 1671 717 1732 si
737 1668 847 1746 andes,
865 1667 1002 1732 Caesaris
1021 1667 1173 1730 intestina
1196 1669 1260 1730 telo
1281 1667 1412 1749 rimeris,

458 1781 492 1834 et
517 1793 582 1854 quo
606 1772 737 1834 libuerit
761 1762 867 1847 modd,
892 1791 1021 1832 manum
1052 1771 1159 1833 mittas
1182 1770 1216 1859 in
1243 1770 1413 1835 Caesarem.

459 1871 503 1936 80
523 1872 608 1935 enim
629 1892 796 1955 personam
816 1871 952 1935 Caesaris
972 1892 1080 1953 gerere
1100 1871 1281 1954 gloriantur.
1328 1874 1370 1935 At
1384 1873 1414 1936 si

459 1973 529 2037 haec
565 1984 614 2038 est
643 1974 773 2038 dextera
802 1975 948 2049 Castris,
980 1994 1128 2057 quaenam
1166 1975 1294 2038 sinistra
1330 1974 1411 2039 erit?

458 2072 607 2139 Profecto
627 2077 725 2140 factio
745 2077 888 2155 istorum,
902 2098 967 2140 nou
985 2076 1146 2159 justitiam
1160 2078 1341 2162 exequitur,
1355 2076 1413 2140 sed

458 2173 574 2254 illudit,
588 2190 620 2240 et
641 2199 707 2240 nou
729 2179 853 2261 implet,
868 2178 925 2241 sed
945 2189 1078 2241 evacuat
1093 2178 1218 2260 legem:
1242 2180 1318 2243 licet
1332 2200 1411 2242 non·

458 2278 538 2341 nulli
560 2300 643 2343 saeva
665 2281 873 2363 praerogativa
894 2279 1075 2355 verborum,
1097 2278 1248 2343 adversus
1273 2291 1413 2344 mentem

459 2380 540 2461 legis
555 2402 648 2445 suum
662 2380 880 2445 fraudulenter
895 2392 1043 2444 tueantur
1057 2401 1205 2444 errorem.
1244 2382 1414 2466 Sapientes

459 2482 546 2545 enim
557 2493 641 2560 sant,
654 2494 689 2557 ut
700 2484 818 2546 faciant
829 2484 920 2545 mala.
961 2483 1068 2554 Quum
1081 2505 1153 2546 vero
1164 2485 1415 2567 provincialibus

459 2582 503 2644 sit
530 2584 599 2646 haec
628 2568 728 2666 pestis
753 2584 946 2665 perniciosa,
972 2585 1053 2645 nulli
1078 2584 1286 2666 perniciosior
1310 2597 1417 2667 potest

460 2701 541 2757 esse,
562 2704 659 2765 quam
682 2684 829 2766 principi.
874 2684 969 2745 Boua
988 2681 1150 2764 siquidem
1172 2684 1415 2765 provincialium

460 2781 617 2866 principis
640 2794 723 2844 sunt.
768 2782 820 2845 Ad
842 2783 1068 2845 necessitatem
1090 2794 1122 2846 et
1140 2806 1233 2847 usum
1251 2786 1416 2868 principis,
1455 2836 1458 2843 .

459 2882 568 2945 omnia
588 2904 658 2966 qnae
680 2883 925 2966 provincialium
947 2892 1032 2960 sant,
1051 2882 1091 2945 de
1105 2883 1179 2966 jure
1203 2901 1414 2968 exponuntur.

459 2981 629 3046 Provincia
650 2993 718 3046 tota
739 2984 832 3067 quasi
854 3003 931 3046 arca
952 2983 1108 3067 principis
1131 2999 1191 3064 est,
1209 3008 1304 3069 quam
1326 2989 1413 3072 quis·

458 3083 531 3167 quis
560 3083 720 3161 exhaurit,
749 3086 933 3167 gravissime
962 3084 1123 3170 delinquit
1154 3087 1189 3148 in
1222 3089 1413 3172 principem,

458 3184 552 3267 cujus
574 3194 729 3247 extenuat
752 3186 932 3248 facultates.
977 3187 1063 3248 Nam
1087 3188 1301 3267 provinciales
1323 3190 1416 3272 quasi

459 3283 592 3366 quidam
628 3283 837 3365 superficiarii
871 3294 957 3356 sunt,
987 3294 1020 3344 et
1050 3285 1174 3364 quoties
1207 3307 1284 3349 usus
1316 3289 1417 3370 exigit

458 3384 638 3466 potestatis,
654 3405 758 3447 rerum
778 3405 906 3447 suarum
921 3404 986 3445 non
1003 3393 1067 3445 tam
1082 3382 1203 3447 domini
1219 3396 1303 3461 sunt,
1319 3409 1414 3474 quam

458 3485 618 3550 custodes.
671 3486 707 3550 Si
734 3507 808 3549 vero
834 3485 1035 3549 necessitatis
1061 3506 1127 3548 non
1153 3485 1311 3552 incumbit
1340 3492 1412 3555 arti-

458 3589 561 3665 culus,
583 3609 641 3651 sua
663 3589 727 3650 sint
748 3587 989 3669 provincialium
1014 3588 1101 3649 bona
1123 3607 1191 3664 srva,
1214 3590 1330 3673 quibus
1351 3615 1413 3660 nec

458 3691 528 3774 ipse
559 3691 711 3773 princeps
739 3689 875 3752 licenter
902 3689 1055 3751 abutitur.
1111 3689 1145 3752 si
1173 3691 1256 3754 enim
1283 3695 1415 3776 expedit

459 3792 645 3876 reipublicae
668 3813 709 3854 ue
730 3791 801 3874 quis
823 3813 855 3854 re
878 3812 937 3854 sua
957 3791 1041 3853 male
1064 3801 1180 3869 utatur,
1198 3794 1288 3857 abuti
1310 3797 1414 3863 aliena

459 3914 691 3981 usquequaque
706 3914 771 3955 non
793 3893 879 3957 licet.
923 3895 966 3956 At
979 3914 1078 3978 quum
1101 3914 1158 3976 per
1172 3895 1331 3961 ministros
1353 3900 1414 3962 iai·

459 3995 592 4080 quitatis
607 4008 639 4057 et
652 3994 791 4072 sceleris,
806 4005 839 4057 et
859 3995 1013 4058 satellites
1034 3994 1194 4074 Sathanae,
1210 3997 1293 4061 viros
1308 4000 1413 4062 Hero·

460 4094 585 4172 dianos,
605 4094 702 4156 fuerit
723 4094 882 4158 exhausta
903 4094 1078 4178 provincia,
1102 4095 1130 4156 si
1154 4098 1331 4159 necessitas
1355 4099 1414 4164 im·

460 4196 570 4273 minet,
585 4195 703 4278 quibus
721 4205 827 4257 utetur
845 4192 1018 4277 princeps?
1064 4194 1205 4257 Proinde
1227 4194 1254 4256 si
1271 4197 1364 4278 sapit,
1378 4200 1413 4264 in

462 4296 575 4359 chamo
594 4308 627 4360 et
646 4295 735 4359 freno
756 4297 904 4359 maxillas
924 4316 1033 4359 eornm
1056 4295 1246 4374 confringet,
1266 4317 1306 4361 ne
1326 4301 1414 4366 vida.

461 4394 538 4459 licet
562 4417 648 4458 more
674 4397 831 4479 luporum,
854 4419 935 4480 quos
961 4395 1108 4477 improba
1133 4396 1249 4462 ventris
1274 4401 1341 4483 agit
1365 4404 1414 4466 in·
