4084 5634
541 819 613 865 oar.
630 801 688 881 vn]
890 819 1146 866 ronrcaarrcus.
1431 809 1493 868 228

487 981 491 988 '
542 970 660 1036 zardan
672 991 846 1056 coquorum
864 969 1007 1056 principe
1022 971 1206 1057 imperante.
1252 974 1371 1037 Tactus
1386 985 1492 1039 auteur

539 1072 713 1137 alienorum
741 1095 921 1157 corporum,
944 1087 976 1136 et
1002 1072 1190 1136 feminarum
1213 1071 1375 1136 ardentior
1397 1095 1493 1159 appe·

540 1175 631 1249 titus,
647 1173 769 1239 vicinus
786 1175 917 1240 insaniae
939 1187 998 1240 est.
1043 1173 1205 1260 Quicquid
1228 1197 1337 1238 sensus
1359 1175 1493 1260 quilibet

540 1274 701 1354 moliatur,
715 1274 811 1339 ludus
833 1298 870 1339 ac
887 1276 983 1361 jocus
1006 1287 1065 1353 est,
1081 1261 1146 1360 prce
1169 1274 1219 1338 his
1241 1299 1315 1361 quae
1336 1276 1441 1354 affert,
1457 1289 1494 1341 ut
1534 1264 1538 1276 ⁵

539 1376 644 1441 verbis
668 1377 790 1440 Comici
813 1390 897 1453 utar,
913 1376 1009 1462 hujus
1031 1377 1144 1440 rabies.
1190 1377 1276 1440 Hinc
1298 1376 1383 1441 enim
1403 1378 1493 1464 cupi·

539 1501 621 1558 mua,
634 1478 811 1559 irascimur,
824 1478 992 1562 gestimus,
1008 1477 1208 1558 aemulamur,
1223 1477 1348 1543 solliciti
1370 1502 1493 1558 sumus,

539 1593 572 1644 et
604 1581 733 1666 expleta
763 1579 939 1666 voluptate,
968 1601 1026 1666 per
1064 1579 1221 1667 quandam
1261 1580 1494 1664 poenitudinem
1605 1597 1611 1605 ’

539 1705 649 1748 rursus
669 1683 884 1758 accendimur,
900 1682 1139 1768 quaerimusque
1159 1682 1273 1760 facere,
1289 1682 1376 1769 quod
1391 1706 1494 1769 quum

539 1785 718 1861 fecerimus,
733 1785 848 1849 iterum
870 1785 1090 1870 poeniteamus.
1135 1786 1225 1870 Ergo
1240 1808 1340 1871 quum
1364 1809 1421 1872 per
1436 1786 1494 1851 has

539 1898 660 1970 portas,
672 1886 762 1971 quasi
778 1884 909 1970 quidam
925 1886 1017 1949 cunei
1036 1884 1321 1970 perturbationum,
1333 1886 1374 1950 od
1389 1909 1493 1952 arcem

540 1999 657 2051 nostrae
672 1986 786 2052 mentis
801 1986 1001 2064 intraverint,
1013 2004 1050 2051 ut
1066 1986 1111 2051 ait
1127 1991 1248 2052 Beatus
1265 1988 1494 2075 Hieronymus,

544 2089 601 2153 ubi
615 2091 675 2155 erit
691 2089 831 2167 libertas,
848 2091 903 2154 ubi
919 2086 1080 2154 fortitudo
1095 2091 1176 2176 ejus,
1193 2091 1249 2154 ubi
1265 2090 1305 2154 de
1326 2094 1397 2156 Deo
1411 2092 1496 2177 cogi·

542 2192 632 2272 tatio,
654 2195 791 2257 maxime
811 2215 910 2278 quum
933 2192 1112 2256 recordatio
1135 2206 1240 2258 tactus
1260 2192 1412 2279 depingat
1434 2194 1494 2258 sibi

540 2295 634 2358 etiam
658 2294 838 2379 praeteritas
859 2295 1052 2379 voluptates,
1068 2308 1100 2359 et
1123 2297 1382 2363 rememoratione
1403 2296 1494 2361 vitio-

540 2417 611 2459 rum
638 2410 732 2481 cogat
757 2400 892 2461 animam
919 2395 999 2483 pati,
1025 2409 1057 2460 et
1086 2396 1323 2482 quodammodo
1348 2419 1494 2462 exercere

539 2497 627 2580 quod
640 2519 702 2560 non
714 2497 804 2580 agit?
828 2498 927 2561 Forte
938 2495 1012 2560 hinc
1028 2509 1090 2576 est,
1100 2496 1188 2582 quod
1200 2520 1301 2583 quum
1318 2498 1494 2583 Apostolus

541 2598 628 2662 vitiis
649 2598 797 2661 omnibus
818 2598 975 2662 censuerit
999 2596 1235 2673 reluctandum,
1257 2598 1410 2662 adversus
1432 2599 1494 2663 for-

540 2698 730 2761 nicationem
768 2720 829 2761 non
861 2720 1077 2783 congressum,
1107 2697 1163 2761 sed
1192 2698 1306 2783 fugam
1342 2698 1494 2778 indicens,

543 2800 674 2884 Fugite,
691 2800 808 2886 inquit,
822 2801 1074 2864 fornicationem.
1119 2804 1202 2864 Nam
1226 2801 1294 2864 haec
1315 2802 1392 2877 fere,
1416 2801 1494 2865 dum

541 2915 717 2978 exercetur,
733 2902 864 2967 Domini
878 2902 1044 2967 immemor
1059 2916 1117 2978 est,
1129 2915 1160 2966 et
1175 2905 1351 2988 praeterita,
1362 2903 1441 2968 dum
1452 2904 1493 2969 nd

541 3006 723 3070 memoriam
754 3005 850 3087 redit,
874 3005 1041 3092 pestiferas
1065 3005 1184 3069 excitat
1210 3004 1400 3091 voluptates.
1446 3006 1494 3070 Ut

541 3105 582 3169 de
606 3107 728 3172 caeteris
751 3120 884 3185 taceam,
899 3130 982 3194 quos
1004 3106 1191 3193 simplicitas
1213 3108 1279 3193 egit
1302 3109 1334 3171 in
1357 3103 1496 3195 culpam,

539 3208 749 3294 philosophus
760 3210 974 3284 acutissimus,
986 3223 1019 3273 et
1034 3208 1268 3273 literatissimus
1281 3208 1494 3288 Christianus,

542 3322 576 3372 et
591 3309 839 3374 ferventissimus
853 3311 884 3373 in
907 3310 970 3373 fide
986 3310 1154 3394 Origenes,
1171 3311 1253 3374 sicut
1274 3310 1496 3376 Ecclesiastico

541 3411 638 3476 refert
661 3410 801 3485 historia,
819 3413 957 3497 seipsum
980 3410 1143 3488 castravit,
1166 3411 1405 3477 fornicationem
1429 3412 1495 3478 effi-

538 3511 698 3577 cacissime
721 3512 857 3597 fugiens,
878 3514 943 3578 imo
965 3526 998 3578 et
1019 3536 1158 3591 omnem,
1182 3537 1257 3599 quae
1278 3513 1358 3601 fingi
1378 3528 1494 3601 posset,

537 3636 719 3701 praecavens
734 3617 958 3702 suspicionem,
975 3632 1014 3680 ut
1029 3617 1144 3681 exinde
1160 3616 1227 3681 sinc
1243 3629 1320 3681 uota
1341 3641 1414 3684 curn
1429 3619 1493 3683 vit·-

541 3716 666 3801 ginibus
692 3716 860 3782 habitaret.
907 3718 1000 3796 Quod
1027 3734 1134 3783 autem
1162 3718 1338 3786 mirabilius
1363 3735 1423 3796 est,
1449 3720 1494 3787 le-

539 3832 661 3901 guntur
692 3821 821 3904 quidam
862 3819 1130 3906 Philosophorum
1165 3820 1225 3885 sibi
1260 3822 1356 3886 etiam
1384 3824 1494 3887 oculos

538 3918 693 3999 effodisse,
705 3942 744 3983 ne
755 3921 949 3984 exteriorum
961 3907 1118 3984 ffleccbris
1133 3934 1330 4004 caperentur.
1369 3919 1493 4005 Utique

537 4019 724 4085 admirando
746 4020 873 4085 boniet
896 4020 1019 4084 honesti
1045 4020 1210 4083 fervebant
1237 4019 1316 4095 zelo,
1332 4021 1392 4083 etsi
1415 4017 1493 4082 recti

537 4120 699 4187 scientiam
716 4143 777 4184 non
795 4121 957 4185 haberent.
997 4119 1119 4184 Scitum
1136 4131 1195 4191 est,
1211 4130 1243 4181 et
1260 4116 1341 4181 scitu
1357 4117 1493 4200 dignum

541 4223 726 4287 Aristotelis
752 4222 886 4299 dictum,
909 4245 974 4308 qno
996 4221 1198 4305 voluptatum
1224 4217 1317 4282 initia
1340 4216 1494 4305 oblivioni

539 4323 720 4387 mandanda
730 4327 874 4401 asseruit,
885 4337 916 4388 et
929 4321 1010 4386 solos
1021 4322 1127 4386 exitus
1136 4315 1355 4382 recordandos.
1381 4318 1493 4383 Fessus

538 4421 633 4499 enim,
649 4422 912 4509 poeniteutiaeque
935 4423 1056 4507 plenas,
1076 4443 1141 4506 quo
1164 4417 1269 4482 minus
1290 4418 1383 4482 avide
1404 4439 1494 4504 repe·
