4084 5634
537 861 579 916 70
786 868 923 914 Josruus
937 867 1212 914 sanssnnnrnnsrs
1347 850 1486 930 [immr-

540 1045 600 1085 nec
627 1022 722 1098 auris,
744 1043 804 1085 nec
831 1021 1021 1102 lingua‚aut
1042 1021 1168 1105 siquid
1190 1020 1277 1085 aliud
1297 1021 1331 1083 in
1355 1040 1489 1103 corpore

540 1122 723 1205 reipublicae
739 1121 837 1204 degit,
851 1143 999 1186 securum
1015 1134 1074 1198 est,
1088 1123 1116 1185 si
1131 1123 1275 1206 insurgat
1290 1123 1324 1185 in
1340 1123 1489 1196 animam,

540 1224 582 1288 ob
598 1225 730 1305 gratiam
744 1224 836 1308 cujus
850 1224 913 1306 ipsi
927 1225 1013 1288 oculi
1028 1223 1229 1288 effodiuntur.
1266 1225 1372 1296 Quum
1384 1231 1490 1286 autem

542 1324 632 1387 Deus
657 1324 828 1388 offenditur
852 1327 956 1389 abusu
978 1326 1156 1398 criminum,
1179 1337 1234 1388 aut
1255 1325 1391 1389 ecclesia
1413 1344 1488 1386 con·

541 1426 695 1502 calcatur,
718 1427 814 1489 totius
836 1426 951 1489 animre
972 1425 1167 1506 periclitatur
1188 1426 1284 1490 salus.
1328 1423 1423 1497 Quod
1445 1423 1491 1486 ita

542 1524 679 1587 alienum
701 1536 749 1587 est
762 1523 804 1588 ab
819 1525 927 1588 officio
947 1525 1114 1608 principis,
1129 1536 1166 1589 ut
1179 1525 1328 1608 quotiens
1342 1525 1404 1588 istc
1418 1543 1491 1607 pro·

543 1626 674 1689 veniunt
688 1627 721 1688 in
737 1627 912 1710 republica,
922 1636 977 1689 aut
991 1626 1121 1689 omnino
1133 1647 1199 1689 non
1213 1626 1330 1690 sentire
1345 1624 1493 1689 credatur

543 1726 705 1811 princeps,
728 1739 783 1790 aut
805 1727 951 1804 dormire,
973 1729 1085 1791 autin
1112 1728 1284 1792 diversorio
1310 1747 1390 1790 esse.
1435 1725 1491 1788 Sol

543 1827 662 1891 eminet
682 1828 847 1904 universis,
862 1839 897 1891 ut
910 1841 1029 1893 cuncta
1051 1828 1169 1903 videat,
1190 1839 1222 1892 et
1244 1827 1399 1913 dijudicet
1420 1826 1491 1890 uni·

545 1949 643 1992 versa.
688 1929 796 1993 Solem
812 1931 955 2005 alterum,
969 1929 1147 2014 principem
1163 1951 1233 1994 esse
1249 1929 1355 1994 credo.
1393 1929 1493 1993 Recte

545 2028 656 2112 utique
669 2030 756 2106 iacit,
771 2051 871 2112 quum

685 2159 813 2228 ignarum
825 2160 896 2214 fucos
907 2178 986 2233 pecus
998 2177 1014 2212 a
1026 2158 1185 2232 praesepibns
1196 2165 1276 2223 arcet,

547 2299 602 2381 qui
618 2299 753 2361 alvearia
771 2299 919 2381 spoliant,
934 2310 966 2362 et
988 2297 1142 2382 quicquid
1165 2297 1258 2361 dulce
1279 2309 1337 2374 est,
1352 2299 1497 2377 ebibunt,

546 2410 601 2461 aut
622 2408 796 2480 asportant.
841 2398 943 2461 Recte
959 2397 1035 2461 iacit
1049 2418 1148 2480 quum
1171 2396 1317 2459 ecclesiae
1332 2413 1496 2479 promovet

545 2501 792 2583 culmen,quum
802 2499 964 2580 religionis
974 2497 1331 2581 dilatatcultum,quum
1341 2501 1496 2582 superbos

546 2601 702 2679 humiliat,
716 2614 748 2664 et
768 2601 888 2664 exaltat
909 2600 1057 2676 humiles,
1071 2599 1243 2664 munificus
1261 2600 1295 2663 in
1318 2621 1446 2682 egenos,
1460 2603 1494 2665 in

546 2704 695 2786 copiosos
719 2703 885 2785 frugalior3
922 2723 1019 2785 quum
1047 2703 1174 2765 virtutes
1200 2703 1341 2785 praemio,
1367 2716 1400 2767 et
1422 2705 1499 2769 vitia

550 2826 641 2887 aeqnu
653 2826 820 2888 poeunrum
833 2805 927 2868 lance
937 2819 1127 2878 remunerat,
1139 2825 1236 2888 quum
1244 2805 1368 2887 justitia
1383 2826 1496 2891 usque-

548 2925 676 2986 quaque
692 2906 836 2965 ambulat
850 2915 923 2966 ante
939 2925 1022 2977 eum,
1039 2916 1072 2966 et
1087 2906 1179 2986 ponit
1191 2906 1226 2965 in
1242 2905 1293 2966 ria
1308 2906 1498 2986 prudentiae,

548 3003 742 3085 aliarumque
759 3003 918 3078 virtutum,
933 3023 1060 3082 gressus
1076 3023 1161 3064 suos.
1206 3002 1368 3084 Equidem

654 3132 696 3183 Sic
708 3131 804 3200 petitur
815 3127 918 3195 coelum,
930 3147 982 3182 non
993 3135 1023 3183 ut
1031 3127 1099 3183 serat
1111 3130 1198 3183 Ossan
1209 3130 1346 3205 Olympus,

687 3216 844 3284 Summaque
857 3214 978 3269 Peliacus
989 3216 1075 3269 sidera
1086 3222 1180 3286 tangat
1191 3234 1267 3291 apex.

548 3341 662 3426 Inquit
676 3338 857 3422 Sapientia:
881 3339 934 3403 Ne
949 3340 1106 3422 gloriosus
1122 3363 1276 3426 appareas
1291 3364 1398 3408 coram
1413 3367 1497 3429 rege,

550 3461 581 3509 et
609 3445 643 3505 in
671 3444 745 3504 loco
774 3462 959 3522 magnorum
989 3465 1030 3506 ne
1055 3445 1190 3506 steteris.
1235 3445 1351 3528 quue
1377 3459 1503 3529 spectat

550 3542 704 3626 sapientis
719 3539 872 3615 edictum,
884 3551 919 3603 ut
933 3541 1078 3624 quisquis
1093 3563 1157 3605 non
1166 3536 1357 3607 'humiliatur
1371 3546 1402 3607 in
1419 3547 1501 3610 facie

549 3639 721 3728 principis,
737 3639 848 3702 merita
870 3641 1057 3703 confusione
1078 3642 1248 3716 obductus,
1272 3644 1381 3724 gloria,
1404 3667 1501 3728 quam

552 3740 727 3824 usurpavit,
749 3737 935 3819 dignoscet
959 3740 1101 3822 spoliari.
1148 3744 1317 3807 Honorum
1343 3746 1502 3830 siquidem

551 3844 736 3910 distributor
758 3852 817 3916 est,
839 3851 871 3905 et
893 3840 968 3903 dum
991 3854 1076 3906 recte
1100 3843 1257 3908 ministrat
1279 3846 1503 3930 principatum,

552 3966 652 4034 penes
667 3964 739 4006 eum
754 3954 802 4006 est
815 3956 968 4025 perpetua
978 3942 1174 4027 dispensatio
1189 3969 1364 4011 munerum.
1401 3950 1503 4014 Recte

554 4047 681 4136 quidem
691 4045 1505 4134 ministrat,quumeopraesidentelaetanturpopuli,

556 4167 589 4217 et
611 4153 643 4215 in
669 4168 769 4229 regno
795 4146 953 4230 aequitalis
979 4148 1077 4211 totius
1102 4161 1191 4213 terrm
1215 4149 1349 4214 latitudo
1371 4155 1504 4218 exultat.

556 4256 725 4336 Perpetua,
752 4249 894 4333 inquam,
924 4249 1000 4335 quia
1029 4259 1064 4314 ut
1092 4250 1245 4334 scriptum
1276 4266 1334 4330 est,
1363 4275 1420 4317 rex
1450 4258 1506 4340 qni

552 4355 676 4439 judicat
690 4354 722 4414 in
739 4352 867 4415 veritate
886 4372 1053 4436 pauperes,
1067 4352 1200 4415 thronus
1220 4353 1289 4438 ejus
1303 4356 1336 4418 in
1354 4369 1504 4421 aeternum

557 4455 740 4518 firmabitur.
785 4454 866 4526 Quis
889 4474 964 4536 crgo
986 4454 1138 4518 honorem
1170 4456 1314 4522 detrahat
1344 4460 1384 4536 ei,
1411 4482 1505 4543 quem
