4084 5634
470 839 542 886 ese.
557 823 643 902 vui]
818 840 1077 887 coercearrcus.
1380 832 1419 890 tl

470 992 570 1069 miles,
579 991 636 1056 aad
651 993 784 1057 sicarius
799 1008 884 1058 recte
900 996 1090 1059 nominatur.
1130 995 1213 1058 Nam
1229 996 1263 1058 in
1278 1007 1420 1061 veterum

468 1093 592 1178 scriptis
614 1095 720 1158 sicarii
743 1096 892 1160 dicuntur
914 1112 946 1160 et
970 1098 1121 1174 latrones,
1144 1097 1325 1183 quicunque
1348 1100 1422 1182 lege*

466 1217 530 1260 non
564 1199 781 1282 praecipiente,
810 1221 897 1264 arma
935 1208 1080 1263 tractant.
1139 1203 1237 1263 Arma
1266 1223 1417 1286 namque,

465 1298 583 1379 quibus
612 1300 667 1362 lex
696 1321 762 1362 non
792 1302 901 1378 utitur,
930 1301 1035 1380 legem
1065 1299 1267 1383 impugnant.
1324 1301 1417 1367 Duos

464 1399 587 1481 gladios
609 1403 753 1465 sufficere
777 1402 910 1484 imperio
931 1402 1130 1477 Christiano,
1145 1402 1302 1484 evangelii
1328 1425 1417 1468 sacra

463 1510 595 1564 testatur
617 1502 770 1578 historia3
800 1523 912 1566 onmes
936 1502 991 1564 alii
1017 1522 1127 1564 eorum
1152 1513 1235 1577 suut,
1259 1504 1313 1585 qui
1341 1525 1418 1582 curn

462 1600 579 1681 gladiis
604 1614 637 1665 et
665 1603 804 1667 fustibus
833 1601 1005 1678 accedunt,
1032 1612 1067 1664 ut
1096 1602 1257 1682 captivum
1287 1600 1416 1688 capiant

463 1701 638 1782 Christum,
663 1727 780 1767 nomen
807 1704 878 1787 ejus
906 1704 1012 1767 delere
1040 1703 1216 1786 cupientes.
1261 1706 1314 1769 Illi
1341 1728 1415 1789 ergo

463 1804 541 1887 quid
562 1806 686 1869 habeut
706 1806 828 1877 militis,
852 1805 907 1890 qui
931 1805 1035 1868 vocati
1057 1825 1101 1867 ex
1123 1818 1323 1870 sacramanto
1349 1829 1415 1871 non

463 1908 686 1991 obtemperant
699 1908 773 1989 legi,
788 1907 844 1971 sed
860 1909 892 1969 in
909 1928 947 1970 eo
969 1908 1090 1970 militiae
1106 1928 1172 1970 suoe
1188 1909 1321 1988 gloriam
1337 1931 1416 1973 con-⁴

463 2019 546 2071 stare
576 2007 719 2087 credunt,
745 2010 772 2071 si
801 2009 1041 2091 contemptibile
1067 2009 1109 2071 sit
1134 2007 1361 2087 sacerdotium,
1389 2013 1416 2075 si

462 2109 606 2172 ecclesiae
636 2111 768 2173 vilescat
789 2111 972 2185 auctoritas,
995 2109 1023 2170 si
1052 2109 1096 2172 ita
1119 2108 1320 2173 dilataverint
1344 2134 1414 2194 reg·

461 2233 537 2274 num
565 2213 715 2291 hominis,
741 2225 777 2276 ut
803 2213 923 2276 Christi
952 2213 1120 2294 imperium
1149 2212 1414 2293 contrahatur,si

461 2312 571 2376 laudes
600 2334 674 2376 suas
704 2313 889 2397 praedicent,
916 2326 948 2377 et
973 2313 1097 2396 seipsos
1127 2314 1216 2376 falsis
1245 2317 1414 2397 praeconiis

461 2414 622 2477 mulceant
650 2428 682 2479 et
715 2417 884 2494 extollant,
914 2437 988 2478 cum
1024 2415 1168 2477 irrisione
1203 2413 1414 2495 audientium,

461 2515 619 2579 imitantes
645 2518 776 2579 militem
802 2518 985 2598 gloriosum.
1034 2517 1157 2578 Horum
1186 2517 1285 2578 virtus
1310 2518 1343 2580 in
1375 2541 1413 2581 eo

460 2614 598 2675 maxime
623 2615 788 2689 elucescit,
807 2614 835 2675 si
861 2616 993 2687 clerum,
1021 2624 1055 2675 et
1076 2614 1230 2674 inermem
1256 2614 1414 2688 militiam,

460 2725 516 2775 aut
533 2714 663 2794 linguis,
677 2730 731 2777 aut
752 2717 826 2777 telis
848 2715 1043 2778 confodiant.
1089 2713 1153 2776 Sed
1175 2713 1248 2795 quis
1270 2725 1319 2776 est
1339 2736 1415 2779 usus

460 2814 582 2877 militiae
612 2813 786 2878 ordinatas?
825 2815 922 2878 Tueri
949 2813 1131 2887 ecclesiam,
1159 2813 1326 2896 perfidiam
1353 2817 1413 2879 im·

459 2935 612 2997 pugnare,
627 2915 842 2980 sacerdotium
865 2914 1017 2993 venerari,
1035 2934 1211 2998 pauperum
1225 2916 1414 2997 propulsare

458 3017 598 3100 injurias,
619 3039 733 3101 pacare
754 3017 961 3101 provinciam,
985 3037 1043 3099 pro
1065 3016 1225 3094 fratribus,
1248 3027 1283 3079 ut
1305 3039 1412 3083 sacra·

458 3121 556 3182 menti
585 3119 680 3182 docet
708 3119 890 3202 conceptio,
919 3116 1056 3180 fundere
1091 3119 1289 3198 sangninem,
1318 3132 1351 3182 et
1383 3123 1411 3184 si

459 3241 539 3303 opus
554 3230 613 3297 est,
627 3221 764 3282 animam
786 3241 915 3302 ponere.
962 3219 1192 3282 Exultationes
1213 3221 1276 3281 Dei
1292 3221 1326 3282 in
1342 3233 1412 3301 gub

460 3334 528 3383 ture
544 3340 663 3396 eorum,
678 3333 711 3382 et
725 3321 824 3401 gladii
839 3320 998 3401 ancipites
1017 3320 1051 3380 iu
1071 3319 1220 3380 manibus
1235 3339 1356 3396 eorum,
1371 3321 1413 3382 ad

459 3420 637 3484 faciendam
659 3421 832 3484 vindictam
854 3420 887 3482 in
907 3418 1103 3496 nationibus,
1123 3418 1356 3502 increpationes
1377 3422 1411 3485 in

458 3524 603 3607 populis;
625 3523 667 3586 ad
687 3522 865 3604 alligandos
885 3543 977 3603 reges
999 3542 1108 3584 eorum
1130 3522 1163 3583 in
1188 3523 1410 3604 compedibus,

457 3640 488 3690 et
502 3626 626 3689 nobiles
644 3626 678 3687 in
701 3624 836 3687 manicis
856 3625 973 3687 ferreis.
1018 3621 1083 3688 Sed
1105 3645 1169 3708 quo
1185 3623 1269 3687 fine?
1307 3628 1357 3689 An
1373 3640 1409 3692 ut

455 3728 563 3802 furori,
587 3728 728 3799 vanitati,
751 3726 889 3789 avaritiae
913 3725 1061 3802 serviant,
1076 3746 1117 3787 an
1138 3726 1273 3808 propriae
1296 3729 1409 3791 volun·

456 3829 533 3894 tati?
572 3831 794 3914 Nequaquam.
838 3825 904 3892 Sed
925 3836 962 3889 ut
982 3827 1102 3890 saciant
1124 3828 1156 3889 in
1183 3827 1230 3890 eis
1247 3826 1407 3912 judicium

456 3929 685 4013 conscriptum,
707 3929 741 3990 in
764 3948 827 4011 quo
852 3926 986 4010 quisque
1008 3946 1073 3988 non
1096 3937 1162 3989 tam
1184 3946 1286 4006 suum,
1311 3949 1406 4012 quam

456 4032 533 4109 Dei,
546 4031 741 4113 angelorum,
755 4041 788 4091 et
802 4029 966 4090 hominum
989 4039 1141 4111 sequatur
1154 4048 1195 4091 ex
1211 4028 1358 4112 aequitate
1374 4042 1408 4090 et

456 4134 586 4217 publica
616 4131 752 4195 utilitate
789 4130 963 4193 arbitrium.
1022 4131 1069 4192 Ut
1097 4129 1228 4206 faciant,
1256 4130 1404 4211 inquam:

456 4235 532 4316 quia
546 4235 630 4296 sicut
637 4231 785 4316 judicum
800 4241 849 4294 est
860 4229 981 4294 dictare
989 4228 1161 4314 judicium,
1170 4230 1214 4290 ita
1226 4238 1259 4288 et
1272 4228 1404 4293 istorum

456 4335 602 4398 faciendo
624 4354 772 4396 exercere
794 4333 934 4396 officium
957 4342 1015 4395 est.
1062 4329 1181 4409 Utique
1207 4326 1308 4406 gloria
1331 4330 1401 4396 lraec

454 4448 504 4501 est
533 4437 678 4501 omnibus
706 4435 827 4503 sanctis
856 4435 934 4518 ejus.
996 4432 1081 4493 Nam
1112 4441 1145 4492 ct
1172 4428 1240 4494 haec
1270 4446 1401 4515 agentes
