4084 5634
1021 300 1469 590 lpmwo

480 887 549 932 cre.
565 868 637 947 xia]
842 883 1096 931 eomcnirrcns
1364 874 1428 932 333

480 1049 513 1100 et
541 1036 593 1101 alii
619 1036 759 1099 historici
782 1035 935 1111 referunt,
958 1035 1045 1120 apud
1069 1036 1223 1119 oppidum
1248 1035 1432 1100 Eboracum

479 1139 591 1203 morbo
618 1138 707 1202 obiit.
763 1138 927 1223 Siquidem
960 1139 1127 1204 Britannia
1158 1161 1278 1202 venena
1309 1160 1432 1222 semper

479 1241 656 1317 exhorruit,
670 1253 701 1303 et
712 1240 743 1302 in
759 1240 917 1324 principes
933 1263 993 1303 non
1010 1240 1109 1319 novit,
1121 1239 1173 1303 sed
1191 1263 1249 1325 pro
1264 1239 1329 1303 suis
1343 1239 1430 1324 prin·

480 1339 607 1424 cipibus
628 1339 764 1402 invictos
792 1338 916 1421 gladios
945 1362 1102 1403 exercere.
1152 1338 1327 1403 Proefatum
1358 1361 1432 1402 vero

479 1439 646 1525 oppidum,
669 1440 701 1502 in
724 1439 757 1502 id
774 1439 889 1501 virium
913 1453 944 1502 et
968 1441 1169 1515 teineritatis,
1185 1441 1338 1524 temporis
1360 1460 1434 1523 pro-

479 1563 569 1604 cessu
585 1539 739 1614 excrevit,
755 1551 790 1600 ut
803 1538 939 1602 urbibus
954 1539 1095 1623 antiquis
1106 1539 1221 1603 audeat
1238 1562 1270 1601 se
1280 1538 1432 1601 conferre.

483 1643 555 1705 Hoc
584 1640 612 1703 ei
636 1639 718 1702 forte
745 1639 825 1702 tanti
858 1642 1063 1723 Imperatoris
1091 1640 1227 1703 contulit
1258 1639 1434 1724 sepultura.

483 1744 595 1827 Ipsum
613 1752 715 1803 tamen
734 1738 899 1823 gentilium
924 1741 998 1816 ritu,
1021 1755 1053 1803 ct
1070 1739 1244 1803 infidelium
1263 1740 1431 1824 pravitate,

480 1841 680 1925 tyrannidem
692 1841 724 1902 in
735 1839 933 1905 Christianos
942 1839 1131 1915 exercuisse,
1143 1852 1175 1903 et
1187 1861 1297 1926 poenas
1306 1840 1432 1904 sceleris

480 1944 588 2020 luisse,
598 1955 719 2006 certum
736 1955 795 2005 est.
842 1946 945 2006 Nemo
959 1945 1073 2006 enima
1090 1941 1217 2022 saeculo,
1233 1965 1265 2005 se
1280 1956 1431 2027 apostata

480 2043 583 2127 angeli
599 2046 665 2127 egit
685 2042 864 2124 imaginem,
888 2042 945 2127 qui
972 2042 1185 2108 damnationis
1211 2044 1280 2128 ejus
1302 2057 1333 2108 et
1359 2064 1433 2105 con-

481 2143 615 2210 fusionis
630 2166 691 2208 non
707 2144 804 2207 suerit
820 2143 988 2229 particeps.

480 2417 560 2501 Cap.
576 2423 628 2479 20.
654 2417 747 2490 Quod
768 2420 963 2480 am:tor·itute
981 2419 1097 2478 divine
1114 2420 1245 2498 papiae
1266 2419 1387 2481 licitum
1402 2424 1434 2480 et
1477 2378 1491 2515 ‘l

519 2520 693 2596 gloriosum
709 2522 765 2589 est,
778 2517 923 2596 publicos
944 2523 1097 2596 tyrannos
1116 2520 1266 2593 occidere,
1281 2522 1311 2580 si
1325 2527 1433 2582 tamen
1453 2538 1457 2549 ·
1485 2518 1490 2537 '

510 2617 674 2698 fidelitate
691 2636 757 2676 non
773 2618 815 2679 sit
839 2623 978 2696 tyranno
992 2617 1145 2679 obnotius
1162 2620 1360 2701 interfector,
1376 2628 1435 2682 aut

522 2718 605 2779 olias
612 2718 789 2796 justitiam,
805 2727 864 2780 out
881 2718 1073 2780 honestatem
1090 2738 1155 2778 non
1170 2722 1308 2782 omittat.

524 2852 671 2914 honours
693 2861 739 2912 est
763 2848 788 2911 si
811 2848 977 2931 gentilium
995 2864 1200 2933 tyrannorum
1223 2850 1265 2914 ad
1289 2864 1433 2937 tempora

479 2964 586 3015 nostra
601 2951 711 3014 seriem
734 2949 863 3013 voluero
887 2951 1027 3015 trahere:
1055 2950 1110 3013 sed
1135 2952 1229 3015 unius
1252 2953 1311 3016 hoc
1328 2951 1432 3017 aetatis

479 3075 541 3115 non
558 3052 785 3115 memorabitur
807 3051 909 3115 homo.
958 3052 1032 3115 Hoc
1048 3053 1130 3115 enim
1151 3066 1286 3117 mentem
1307 3054 1433 3138 effugit,

479 3167 512 3217 et
541 3154 684 3237 linguam
708 3152 817 3217 vincit.
863 3152 1007 3217 Libellus
1031 3167 1148 3230 tamen,
1170 3154 1226 3239 qui
1252 3156 1449 3232 DQ

416 3331 423 3344 ἢ
481 3257 706 3349 Tprannorum
724 3254 896 3338 inscriptus
910 3267 972 3327 est,
988 3252 1125 3338 quidde
1141 3254 1283 3337 tyrannis
1298 3256 1431 3319 sentiam

479 3351 604 3437 plenius
618 3352 735 3437 poterit
750 3352 882 3436 aperire,
895 3350 1043 3435 diligenti
1060 3364 1164 3415 tamen
1178 3353 1377 3436 compendio,
1394 3366 1430 3418 ut

478 3475 536 3515 nec
551 3452 592 3516 de
604 3452 787 3537 prolixitate
801 3451 945 3530 taedium,
957 3474 1014 3514 nec
1030 3452 1070 3514 de
1083 3451 1238 3516 brevitate
1253 3453 1431 3518 obscuritas

478 3568 657 3635 generetur.
690 3551 752 3617 Sed
770 3574 809 3615 ne
823 3555 978 3616 &manae
995 3551 1135 3617 historiae
1151 3551 1278 3618 vilescat
1294 3556 1431 3620 auctori·

479 3666 538 3728 tas,
554 3677 628 3738 quae
650 3652 841 3738 plerumque
860 3654 902 3716 ab
924 3653 1117 3732 infidelibus,
1131 3667 1163 3718 et
1185 3654 1226 3718 de
1247 3655 1430 3720 infidelibus

478 3754 596 3839 scripta
610 3768 670 3828 est,
683 3754 742 3817 boc
757 3753 875 3818 divinae
889 3768 921 3818 et
936 3754 1039 3817 tidelis
1051 3754 1191 3818 historia¹
1205 3757 1431 3840 comprobetur

478 3855 640 3940 exemplis.
658 3856 813 3940 Undique
822 3856 904 3918 enim
918 3869 1061 3941 apparet,
1074 3859 1160 3941 quia,
1171 3866 1207 3920 ut
1218 3856 1262 3920 ait
1277 3857 1432 3935 Valerius,

477 3978 514 4020 ea
529 3956 658 4019 demum
674 3969 746 4019 tuta
759 3969 807 4019 est
822 3959 977 4039 potentia,
991 3978 1066 4038 quae
1082 3954 1200 4018 viribus
1217 3959 1284 4018 suis
1299 3957 1429 4020 modum

477 4055 622 4140 imponit.
659 4057 704 4117 Et
720 4075 793 4115 sane
816 4051 893 4115 nihil
915 4064 979 4113 tam
1000 4050 1189 4134 praeclarum
1210 4065 1269 4126 est,
1284 4071 1341 4118 aut
1365 4068 1429 4120 tam

477 4155 695 4242 magnificum,
709 4152 800 4238 quod
823 4175 885 4215 non
910 4151 1125 4215 moderatione
1140 4151 1297 4218 desideret
1313 4168 1431 4243 tempe.

478 4259 552 4321 rari.
599 4257 742 4320 Primum
767 4277 844 4340 ergo
870 4268 1042 4339 tyrannum
1069 4254 1158 4317 nobis
1184 4254 1295 4340 objicit
1322 4256 1431 4323 divina

479 4357 595 4441 pagina
621 4357 777 4433 Nemroth
807 4356 972 4419 robustum
1000 4368 1110 4418 contra
1134 4355 1307 4420 Dominum
1335 4381 1429 4424 venu-

480 4470 592 4533 torem,
608 4480 701 4542 quem
725 4470 755 4520 et
773 4457 894 4522 Ninum
916 4455 980 4521 dici
1003 4455 1164 4520 nonnulloe
1188 4468 1344 4522 testantur
1364 4462 1427 4525 his·
