4084 5634
596 567 1303 860 ffiocoea
1329 636 1338 653 ’

560 859 1165 938 crr.x11]ronrcnarrcus.
1453 867 1514 928 les

561 1047 657 1110 quam
674 1024 852 1089 examinare
868 1024 893 1088 si
916 1025 995 1109 quid
1011 1025 1206 1091 difficultatis
1228 1026 1364 1092 emersit.
1399 1030 1515 1093 Veren-

562 1139 615 1192 tur
630 1140 733 1190 tamen
747 1127 880 1213 prodere
896 1125 1087 1213 imperitiam
1104 1150 1192 1192 suam
1205 1131 1378 1215 jactatores
1393 1130 1513 1216 sapien-

560 1229 626 1309 tiae,
641 1250 702 1292 non
719 1243 887 1306 amatores,
902 1243 935 1294 et
951 1229 982 1292 id
999 1229 1087 1315 quod
1107 1230 1260 1307 nesciunt,
1276 1253 1376 1316 pravo
1392 1231 1514 1316 pudore

559 1331 689 1409 nescire,
708 1353 804 1417 quam
825 1353 969 1417 quaerere
991 1345 1022 1396 et
1043 1331 1162 1396 discere
1182 1333 1318 1409 malunt,
1339 1333 1514 1419 praesertim

559 1430 585 1495 si
606 1432 724 1497 adsunt
744 1433 810 1510 alii,
831 1432 950 1518 quibus
973 1444 1084 1498 notum
1108 1435 1322 1513 [arbitrentur
1344 1435 1432 1521 quod
1455 1434 1515 1521 ipsi

559 1536 720 1608 nesciunt;
744 1535 861 1599 tastum
881 1540 1003 1615 tamen]
1017 1558 1124 1599 eorum
1142 1536 1224 1599 ferre
1239 1558 1302 1599 non
1317 1538 1451 1621 poteris:
1476 1536 1516 1600 de

560 1637 646 1699 omni
676 1637 808 1702 materia
837 1635 1015 1722 loquuntur
1045 1637 1163 1714 subito,
1190 1636 1368 1723 dijudicant
1398 1659 1518 1719 omnes,

560 1735 691 1821 culpent
713 1736 802 1814 alios,
820 1739 939 1820 seipsos
961 1735 1148 1819 praedicant,
1166 1736 1288 1820 jactant
1307 1760 1340 1801 se
1362 1735 1517 1802 invenisse

560 1837 600 1902 de
620 1858 714 1916 novo,
733 1836 821 1923 quod
843 1841 956 1903 tritum
979 1851 1027 1901 est
1048 1837 1260 1923 abantiquis,
1282 1851 1314 1902 et
1336 1837 1517 1902 testimonio

561 1939 712 2003 librorum
730 1960 785 2025 per
796 1952 908 2004 aetates
922 1939 1036 2004 multus
1051 1939 1091 2003 ad
1109 1953 1252 2025 tempora
1263 1940 1516 2026 nostraperduc-
1584 1941 1586 1944 ⁴

561 2052 642 2103 tum.
682 2039 787 2103 Verba
811 2040 1037 2126 multiplicant,
1062 2053 1099 2105 ut
1125 2063 1209 2126 srepe
1235 2040 1339 2104 minus
1366 2039 1516 2104 intellecti

561 2138 623 2204 sint
648 2162 753 2217 onere,
780 2154 811 2206 et
838 2141 1046 2207 multitudine
1075 2143 1257 2219 verborum,
1286 2163 1382 2227 quarn
1409 2163 1516 2205 rerum

560 2238 756 2306 difficultate.
795 2245 904 2316 Quum
916 2245 999 2306 enim
1016 2265 1056 2306 ne
1068 2242 1298 2327 intelligeretur
1309 2242 1424 2323 effecit,
1434 2242 1518 2307 arbi-

561 2354 688 2405 trnntur
698 2363 731 2406 se
746 2366 909 2420 meruisse,
922 2360 958 2410 ut
974 2366 1042 2431 prae
1057 2344 1180 2409 caeteris
1192 2344 1400 2430 philosophus
1412 2343 1517 2408 videa-

561 2457 624 2509 tur.
656 2446 701 2509 Et
717 2468 801 2532 saepe
817 2445 873 2532 qui
889 2438 1078 2529 paucissima
1089 2450 1187 2521 novit,
1200 2446 1348 2532 proponit
1365 2445 1515 2533 plurime,

560 2569 634 2630 quae
649 2567 707 2610 nec
722 2546 789 2632 ipse
804 2548 1004 2634 Pythagoras
1019 2549 1176 2613 sufficeret
1191 2548 1372 2634 explanare.
1411 2548 1516 2611 Inter·

561 2645 639 2709 dum
656 2647 764 2725 endem
782 2647 914 2732 replicat
936 2662 967 2711 et
984 2647 1131 2712 revolvit.
1169 2650 1214 2711 Et
1229 2648 1306 2732 quia
1325 2670 1388 2710 non
1407 2646 1517 2726 babet,

562 2770 627 2832 quo
646 2747 796 2823 divertat,
814 2747 935 2812 laborat
958 2747 1082 2825 misere,
1097 2748 1180 2811 idem
1205 2749 1292 2825 terit,
1309 2755 1375 2812 “et
1390 2747 1519 2813 easdem

560 2849 692 2914 circinat
721 2850 846 2922 auras3’
848 2846 969 2913 'dum
998 2847 1081 2911 enim
1112 2847 1222 2932 procul
1252 2845 1355 2929 audis,
1385 2847 1515 2912 tertium

559 2954 714 3016 Catonem
734 2973 752 3013 e
767 2948 848 3013 coelo
866 2949 1031 3014 miraberis
1046 2948 1214 3014 cecidisse.
1241 2931 1514 3035 quemlibet
1431 2973 1515 3014 eninr

553 3036 734 3128 bominem
737 3026 914 3117 idtulisse
907 3030 1090 3116 videbitur.
1100 3034 1369 3135 Srprosessionem
1379 3073 1515 3136 quoeras,

561 3166 617 3218 aut
632 3166 745 3235 artem,
760 3165 808 3218 est

665 3271 867 3333 Grammaticus,
881 3273 990 3336 Rhetor,
1002 3278 1156 3338 geometras,
1169 3274 1259 3343 pictor,
1271 3270 1374 3342 aliptes,

663 3356 767 3423 Augur,
777 3356 967 3420 sohoeuobates,
979 3358 1104 3417 medicus,
1116 3375 1222 3424 magus:
1242 3358 1328 3407 omnio
1339 3357 1418 3418 novit,

561 3470 593 3523 et
615 3457 773 3523 esuriente
796 3460 946 3524 Groeculo
969 3460 1063 3546 longe
1084 3458 1294 3543 prestantior.
1333 3461 1416 3522 Nam
1436 3469 1467 3521 et
1489 3459 1515 3522 si

555 3558 697 3646 jusseris,
720 3559 779 3624 ibit
802 3563 833 3624 in
857 3565 984 3641 coelum,
1004 3575 1036 3627 et
1061 3559 1196 3627 Doedalo
1218 3560 1353 3638 doctior,
1375 3559 1513 3644 teipsum

558 3683 624 3747 quo
648 3661 784 3725 volueris
807 3661 995 3726 incolumem
1019 3684 1077 3748 per
1099 3662 1190 3726 inane
1208 3661 1354 3748 trajiciet.
1393 3661 1516 3727 Accede

559 3776 596 3826 ut
612 3761 764 3842 docearis,
775 3762 852 3847 quid
867 3765 898 3826 in
912 3763 1039 3849 scriptis
1051 3763 1115 3828 suis
1125 3775 1270 3827 auctores
1279 3761 1431 3825 senserint
1444 3761 1516 3826 dili-

558 3878 670 3949 genter
705 3865 842 3950 inquire,
872 3878 987 3929 excute
1018 3865 1160 3945 literam;
1195 3867 1301 3929 statim
1340 3864 1514 3951 increpabit

558 3967 710 4033 duritiam
733 3981 834 4047 tuam,
853 3980 885 4032 et
907 3971 996 4032 asino
1015 3968 1161 4033 Arcadiae
1184 3981 1215 4032 te
1231 3968 1315 4031 dicet
1332 3967 1511 4032 tardiorem.

560 4069 697 4134 Plumbo
711 4069 855 4133 hebetior
872 4049 1515 4153 es‚*‹li'ri1‘qffid'ffitfeffittttiffsffro-

559 4195 626 4256 gas.
672 4172 781 4236 Litern
810 4170 932 4236 inutilis
961 4183 1019 4244 est,
1052 4192 1108 4233 nec
1137 4170 1314 4233 curandum
1345 4179 1405 4242 est,
1434 4168 1514 4254 quid

560 4274 721 4358 loquatur.
753 4277 786 4338 Si
803 4273 910 4352 instas,
924 4273 1101 4335 moneberis
1113 4272 1235 4354 sugere,
1247 4269 1394 4354 quoniam
1412 4275 1516 4353 perni-

562 4375 647 4441 ciosa
661 4390 721 4451 est,
737 4388 768 4440 et
783 4375 909 4439 occidit.
941 4379 1028 4440 Caro
1045 4396 1083 4436 nc
1105 4394 1232 4457 serpens
1248 4372 1301 4450 sis,
1319 4371 1374 4456 qni
1398 4384 1514 4436 terram

561 4478 699 4542 comedit
723 4478 871 4542 omnibus
893 4477 1008 4541 dicbus
1032 4477 1104 4539 ritae
1127 4498 1203 4539 sune.
1242 4479 1305 4539 Aut
1328 4473 1515 4555 ludendum,
