4084 5634
537 830 579 890 54
796 844 933 892 cosmus
948 842 1232 893 smsnmnusrs
1344 829 1428 910 [us.
1445 848 1490 893 rr.

612 993 648 1047 Et
659 992 766 1062 glauces
777 992 880 1059 salicae,
892 993 1053 1063 casiamque,
1062 1011 1218 1064 crocumque
1227 995 1373 1063 rubentem,

612 1079 649 1133 Et
659 1078 781 1149 pinguem
793 1077 886 1145 tilium,
898 1084 926 1131 et
936 1078 1098 1150 ferrugineos
1108 1080 1273 1150 hyacinthos.

612 1164 742 1219 Omnibus
753 1182 805 1219 una
816 1166 890 1235 quies
901 1183 1016 1236 operum,
1028 1165 1102 1220 labor
1113 1167 1232 1221 omnibus
1243 1185 1319 1222 unus.

615 1249 697 1303 Mane
708 1257 787 1305 ruunt
797 1251 891 1322 portis:
912 1269 1040 1321 nusquam
1052 1270 1125 1306 more
1135 1271 1232 1320 rursus,
1244 1254 1351 1308 easdem

617 1335 718 1407 Vesper
728 1336 773 1389 ubi
785 1353 800 1389 a
811 1342 889 1408 pastu
899 1337 1005 1391 tandem
1016 1337 1142 1392 decedere
1153 1339 1251 1410 campis

614 1422 767 1487 numam,
778 1428 834 1476 tum
845 1427 915 1476 tau
925 1429 1027 1496 petunt,
1038 1431 1093 1478 cum
1106 1442 1211 1498 copon
1221 1433 1320 1480 mr.

614 1508 660 1562 lut
671 1510 780 1575 sonitus,
791 1515 959 1580 manentque
970 1528 1029 1565 oras
1040 1510 1170 1565 atlimine
1179 1513 1286 1566 e‘nrum.
1399 1548 1404 1558 -

616 1595 681 1650 Post
691 1597 738 1649 ubi
744 1597 802 1669 jam
813 1595 937 1650 thalamis
947 1614 977 1651 sc
988 1614 1166 1671 composuere,
1176 1596 1267 1654 silebm

615 1682 647 1735 ln
659 1687 770 1745 noctem,
781 1681 916 1753 fessosque
927 1699 1002 1756 sopor
1013 1701 1075 1737 saus
1085 1690 1193 1757 occupat
1203 1691 1284 1739 artus.

614 1767 673 1821 Nec
684 1786 745 1821 vero
756 1786 773 1820 a
783 1768 893 1821 stabulis
904 1767 991 1841 pluris
1001 1770 1169 1841 impendente
1178 1771 1304 1825 recedunt

613 1851 739 1921 Longius,
750 1859 797 1905 aut
807 1852 916 1905 credunt
925 1851 991 1905 eoelo
1003 1853 1203 1908 adventantibus
1215 1854 1307 1909 Euris:

614 1937 667 1990 Sed
678 1938 773 1990 circum
784 1943 849 1991 trtae
860 1937 909 1991 sub
917 1939 1046 1991 moenibus
1056 1938 1128 1992 urbis
1138 1946 1275 2010 aquantur,

615 2022 795 2090 Excursusque
805 2022 897 2075 breves
906 2026 1024 2077 tentent:
1043 2029 1071 2077 et
1081 2040 1153 2098 saepe
1163 2022 1276 2099 lapillos,

615 2107 656 2158 Ut
666 2106 767 2175 cymbae
778 2105 913 2160 instabiles
923 2105 1006 2160 fluctu
1013 2108 1132 2181 jactante
1143 2108 1286 2174 saburrum,

615 2189 732 2258 Tollunt,
743 2190 785 2245 his
796 2209 855 2246 sese
866 2211 912 2265 per
923 2194 1011 2246 inanis
1020 2193 1111 2247 nubila
1121 2192 1225 2247 librant.

615 2277 694 2331 Illum
705 2279 771 2332 adeo
782 2278 911 2351 placuisse
922 2280 1015 2352 apibus
1025 2280 1155 2335 mirabere
1166 2297 1273 2345 morem,

615 2366 691 2430 Quod
702 2383 750 2418 nec
761 2366 897 2420 concubitu
908 2363 1055 2436 indulgent,
1066 2384 1114 2420 nec
1125 2383 1231 2439 corpora
1242 2381 1337 2434 segnes

616 2451 648 2503 ln
663 2451 795 2506 Venerem
805 2451 916 2518 solvunt,
925 2457 972 2506 aut
983 2450 1064 2505 luobus
1074 2452 1181 2506 nixibus
1192 2450 1284 2506 edunt:

618 2537 717 2592 Verum
728 2540 794 2611 ipsae
805 2536 874 2592 loliis
885 2545 970 2607 natos,
982 2545 1010 2593 et
1020 2538 1143 2593 sucvrbus
1151 2538 1242 2592 herbis

616 2625 670 2680 Ore
681 2625 786 2694 legunt:
804 2626 870 2699 ipsae
881 2644 981 2696 regem,
992 2643 1134 2699 parvosque
1144 2624 1263 2689 Quirites

616 2711 764 2778 Sufficiunt,
776 2712 899 2784 emurque
911 2720 939 2767 et
949 2730 1026 2768 cerea
1036 2730 1118 2783 regnu
1128 2710 1252 2782 refigunt.

616 2799 693 2871 Saepe
704 2801 783 2853 etiam
797 2799 868 2852 duris
880 2801 988 2854 errando
998 2800 1026 2852 in
1038 2800 1139 2854 cotibus
1149 2797 1206 2853 alas

615 2885 757 2949 Attrirere,
769 2884 886 2953 ultroque
898 2887 1011 2938 enimam
1023 2884 1154 2938 subfusco
1166 2884 1308 2937 dederunt:

616 2966 719 3019 Tantus
730 2985 801 3019 amor
811 2967 913 3032 florum,
925 2974 952 3020 et
963 2967 1107 3036 generandi
1118 2968 1202 3035 gloria
1212 2967 1307 3020 mellis.

617 3051 688 3119 Ergo
699 3052 769 3122 ipses
780 3051 896 3120 quamvis
906 3053 1010 3122 angusti
1022 3052 1147 3104 terminus
1158 3051 1209 3104 aevi

617 3136 749 3208 Excipiet,
759 3134 861 3208 (neque
873 3138 943 3190 enim
954 3135 1012 3210 plus
1024 3136 1136 3208 septimo
1146 3137 1247 3191 ducitur
1257 3139 1350 3203 aestas)

616 3225 655 3278 At
665 3241 749 3294 genus
759 3223 905 3278 immortale
916 3230 1013 3291 manet,
1024 3224 1169 3296 multosque
1179 3242 1226 3298 per
1236 3242 1319 3279 annos

616 3312 676 3366 Stat
685 3310 789 3367 fortuna
799 3312 900 3379 domus,
912 3317 940 3366 et
950 3313 993 3367 avi
1003 3317 1169 3367 numerantur
1180 3329 1295 3367 crorum.

616 3401 745 3453 Proeterec
754 3417 845 3472 regem
855 3418 907 3453 non
918 3401 957 3454 sic
968 3401 1109 3474 AEgyptun
1120 3404 1149 3454 et
1158 3400 1252 3468 ingens

615 3481 712 3550 Lydia:
730 3500 779 3534 nec
790 3482 878 3554 populi
891 3483 1054 3549 Parthorum,
1065 3493 1112 3537 aut
1123 3483 1220 3536 Medus
1233 3482 1373 3554 Hydaspes

617 3565 776 3619 Observant:
794 3583 857 3634 rege
868 3567 988 3621 incolumi
999 3584 1073 3621 maus
1083 3567 1202 3620 omnibus
1213 3584 1266 3619 unc
1277 3572 1329 3632 est;

617 3651 733 3715 Amisso,
744 3669 836 3724 rupere
847 3649 937 3717 fidem,
948 3656 1145 3719 oomtruetaque
1155 3649 1238 3705 mella

618 3736 754 3809 Diripuere
764 3738 837 3809 ipsse,
850 3743 877 3791 et
888 3743 973 3791 cretes
983 3737 1083 3791 solvere
1093 3735 1219 3790 favorum.

616 3821 667 3874 llle
678 3841 785 3894 operum
795 3830 890 3889 custos,
901 3822 974 3878 illum
986 3824 1155 3889 admirantm,
1167 3827 1194 3876 et
1205 3840 1297 3877 omnes

617 3910 792 3964 Circumstant
802 3909 907 3964 fremitu
918 3909 1007 3977 denso,
1019 3911 1176 3982 stipantque
1187 3908 1345 3978 frequentes.

617 3996 654 4049 Et
665 4012 736 4069 smpe
748 3995 871 4051 attollunt
880 3995 1004 4063 humeris,
1016 4001 1044 4049 et
1056 4012 1163 4068 corpore
1174 3994 1245 4048 bello

617 4082 767 4156 Objectant,
778 4082 961 4154 pulchramque
973 4087 1068 4154 petunt
1077 4099 1124 4154 per
1134 4080 1240 4136 volum
1251 4085 1367 4134 mortem.

545 4257 748 4342 Reipublicae
763 4275 874 4323 omnes
888 4262 1036 4319 auctores
1051 4272 1211 4337 percurre,
1224 4271 1329 4316 rerum
1351 4252 1496 4335 publica·

546 4380 615 4421 rum
633 4362 758 4424 revolve
778 4358 940 4436 historias,
954 4357 1019 4421 rite
1035 4354 1137 4421 civilis
1159 4353 1220 4418 tibi
1241 4354 1360 4419 rectius
1382 4365 1416 4420 et
1436 4359 1499 4421 ele·

543 4461 668 4541 gentius
690 4482 849 4546 nusquam
872 4469 1028 4526 occurret.
1073 4457 1258 4543 Essentqoe
1283 4457 1497 4541 proculdubio
