<?xml version="1.0" encoding="UTF-8"?>
<!DOCTYPE html PUBLIC "-//W3C//DTD XHTML 1.0 Transitional//EN"
    "http://www.w3.org/TR/xhtml1/DTD/xhtml1-transitional.dtd">
<html xmlns="http://www.w3.org/1999/xhtml" xml:lang="en" lang="en">
 <head>
  <title>
</title>
<meta http-equiv="Content-Type" content="text/html;charset=utf-8" />
  <meta name='ocr-system' content='tesseract 3.04.00' />
  <meta name='ocr-capabilities' content='ocr_page ocr_carea ocr_par ocr_line ocrx_word'/>
</head>
<body>
  <div class='ocr_page' id='page_1' title='image "./joannissaresber07johngoog_0165.png"; bbox 0 0 4084 5634; ppageno 0'>
   <div class='ocr_carea' id='block_1_1' title="bbox 557 806 1508 885">
    <p class='ocr_par' dir='ltr' id='par_1_1' title="bbox 557 806 1508 885">
     <span class='ocr_line' id='line_1_1' title="bbox 557 806 1508 885; baseline 0.005 -18"><span class='ocrx_word' id='word_1_1' title='bbox 557 821 626 868; x_wconf 81' lang='lat' dir='ltr'>cae.</span> <span class='ocrx_word' id='word_1_2' title='bbox 642 806 729 885; x_wconf 72' lang='lat' dir='ltr'>xm]</span> <span class='ocrx_word' id='word_1_3' title='bbox 895 824 1152 870; x_wconf 80' lang='lat' dir='ltr'>rourcnarrcus.</span> <span class='ocrx_word' id='word_1_4' title='bbox 1449 815 1508 872; x_wconf 79' lang='lat'>1⁵9</span> 
     </span>
    </p>
   </div>
   <div class='ocr_carea' id='block_1_2' title="bbox 557 975 1510 1266">
    <p class='ocr_par' dir='ltr' id='par_1_2' title="bbox 557 975 1510 1266">
     <span class='ocr_line' id='line_1_2' title="bbox 557 975 1510 1062; baseline 0.005 -25"><span class='ocrx_word' id='word_1_5' title='bbox 557 975 731 1051; x_wconf 77' lang='lat' dir='ltr'>conferant,</span> <span class='ocrx_word' id='word_1_6' title='bbox 749 999 851 1040; x_wconf 90' lang='lat' dir='ltr'>nonne</span> <span class='ocrx_word' id='word_1_7' title='bbox 866 975 1030 1062; x_wconf 85' lang='lat' dir='ltr'>superflua</span> <span class='ocrx_word' id='word_1_8' title='bbox 1046 975 1227 1041; x_wconf 90' lang='lat' dir='ltr'>sollicitudo</span> <span class='ocrx_word' id='word_1_9' title='bbox 1238 991 1297 1058; x_wconf 89' lang='lat' dir='ltr'>est,</span> <span class='ocrx_word' id='word_1_10' title='bbox 1311 979 1379 1044; x_wconf 89' lang='lat' dir='ltr'>dies</span> <span class='ocrx_word' id='word_1_11' title='bbox 1394 980 1510 1044; x_wconf 87' lang='lat' dir='ltr'>labori·</span> 
     </span>
     <span class='ocr_line' id='line_1_3' title="bbox 558 1077 1508 1166; baseline 0.009 -28"><span class='ocrx_word' id='word_1_12' title='bbox 558 1100 641 1154; x_wconf 91' lang='lat' dir='ltr'>osus,</span> <span class='ocrx_word' id='word_1_13' title='bbox 657 1091 689 1141; x_wconf 91' lang='lat' dir='ltr'>et</span> <span class='ocrx_word' id='word_1_14' title='bbox 703 1093 812 1144; x_wconf 85' lang='lat' dir='ltr'>noctes</span> <span class='ocrx_word' id='word_1_15' title='bbox 827 1079 985 1142; x_wconf 83' lang='lat' dir='ltr'>insomnes</span> <span class='ocrx_word' id='word_1_16' title='bbox 999 1079 1127 1156; x_wconf 85' lang='lat' dir='ltr'>ducere,</span> <span class='ocrx_word' id='word_1_17' title='bbox 1145 1091 1180 1142; x_wconf 88' lang='lat' dir='ltr'>ut</span> <span class='ocrx_word' id='word_1_18' title='bbox 1195 1077 1235 1141; x_wconf 92' lang='lat' dir='ltr'>ad</span> <span class='ocrx_word' id='word_1_19' title='bbox 1251 1084 1419 1146; x_wconf 84' lang='lat' dir='ltr'>sacrarium</span> <span class='ocrx_word' id='word_1_20' title='bbox 1438 1083 1508 1166; x_wconf 88' lang='lat' dir='ltr'>pbi-</span> 
     </span>
     <span class='ocr_line' id='line_1_4' title="bbox 557 1178 900 1266; baseline 0.012 -26"><span class='ocrx_word' id='word_1_21' title='bbox 557 1178 707 1266; x_wconf 87' lang='lat' dir='ltr'>losophiae</span> <span class='ocrx_word' id='word_1_22' title='bbox 722 1181 900 1246; x_wconf 80' lang='lat' dir='ltr'>accedant?</span> 
     </span>
    </p>
   </div>
   <div class='ocr_carea' id='block_1_3' title="bbox 625 1327 1254 1486">
    <p class='ocr_par' dir='ltr' id='par_1_3' title="bbox 625 1327 1254 1486">
     <span class='ocr_line' id='line_1_5' title="bbox 625 1327 1254 1402; baseline -0.003 -19"><span class='ocrx_word' id='word_1_23' title='bbox 625 1330 737 1383; x_wconf 81' lang='lat' dir='ltr'><strong>Dulcius</strong></span> <span class='ocrx_word' id='word_1_24' title='bbox 750 1338 791 1383; x_wconf 85' lang='lat' dir='ltr'>est</span> <span class='ocrx_word' id='word_1_25' title='bbox 799 1331 913 1402; x_wconf 87' lang='lat' dir='ltr'>jacuisse</span> <span class='ocrx_word' id='word_1_26' title='bbox 927 1335 992 1393; x_wconf 90' lang='lat' dir='ltr'>toro,</span> <span class='ocrx_word' id='word_1_27' title='bbox 1005 1330 1120 1380; x_wconf 83' lang='lat' dir='ltr'>tenuisse</span> <span class='ocrx_word' id='word_1_28' title='bbox 1132 1327 1254 1399; x_wconf 89' lang='lat' dir='ltr'>puellam,</span> 
     </span>
     <span class='ocr_line' id='line_1_6' title="bbox 659 1414 1181 1486; baseline -0.006 -17"><span class='ocrx_word' id='word_1_29' title='bbox 659 1417 809 1469; x_wconf 83' lang='lat' dir='ltr'>Tluel&#39;ciam</span> <span class='ocrx_word' id='word_1_30' title='bbox 821 1418 912 1485; x_wconf 78' lang='lat' dir='ltr'>digitis</span> <span class='ocrx_word' id='word_1_31' title='bbox 923 1416 1080 1486; x_wconf 80' lang='lat' dir='ltr'>increpuisse</span> <span class='ocrx_word' id='word_1_32' title='bbox 1090 1414 1181 1482; x_wconf 85' lang='lat' dir='ltr'>lyram.</span> 
     </span>
    </p>
   </div>
   <div class='ocr_carea' id='block_1_4' title="bbox 546 1533 1534 2639">
    <p class='ocr_par' dir='ltr' id='par_1_4' title="bbox 546 1533 1534 2639">
     <span class='ocr_line' id='line_1_7' title="bbox 555 1533 1505 1620; baseline 0.006 -23"><span class='ocrx_word' id='word_1_33' title='bbox 555 1537 624 1601; x_wconf 89' lang='lat' dir='ltr'>Aut</span> <span class='ocrx_word' id='word_1_34' title='bbox 636 1534 661 1599; x_wconf 92' lang='lat' dir='ltr'>si</span> <span class='ocrx_word' id='word_1_35' title='bbox 674 1536 733 1600; x_wconf 91' lang='lat' dir='ltr'>hoc</span> <span class='ocrx_word' id='word_1_36' title='bbox 745 1537 838 1600; x_wconf 91' lang='lat' dir='ltr'>nimis</span> <span class='ocrx_word' id='word_1_37' title='bbox 850 1535 978 1599; x_wconf 85' lang='lat' dir='ltr'>videtur</span> <span class='ocrx_word' id='word_1_38' title='bbox 989 1558 1056 1599; x_wconf 90' lang='lat' dir='ltr'>esse</span> <span class='ocrx_word' id='word_1_39' title='bbox 1068 1533 1216 1610; x_wconf 87' lang='lat' dir='ltr'>arduum,</span> <span class='ocrx_word' id='word_1_40' title='bbox 1229 1535 1378 1620; x_wconf 87' lang='lat' dir='ltr'>quoniam</span> <span class='ocrx_word' id='word_1_41' title='bbox 1390 1551 1505 1618; x_wconf 83' lang='lat' dir='ltr'>tactus,</span> 
     </span>
     <span class='ocr_line' id='line_1_8' title="bbox 552 1634 1506 1722; baseline 0.006 -24"><span class='ocrx_word' id='word_1_42' title='bbox 552 1635 633 1722; x_wconf 86' lang='lat' dir='ltr'>lyrae</span> <span class='ocrx_word' id='word_1_43' title='bbox 650 1659 759 1701; x_wconf 90' lang='lat' dir='ltr'>sonum</span> <span class='ocrx_word' id='word_1_44' title='bbox 784 1636 922 1713; x_wconf 87' lang='lat' dir='ltr'>eliciens,</span> <span class='ocrx_word' id='word_1_45' title='bbox 944 1657 1037 1696; x_wconf 88' lang='lat' dir='ltr'>suum</span> <span class='ocrx_word' id='word_1_46' title='bbox 1062 1634 1201 1698; x_wconf 84' lang='lat' dir='ltr'>laborem</span> <span class='ocrx_word' id='word_1_47' title='bbox 1225 1634 1333 1714; x_wconf 83' lang='lat' dir='ltr'>habet,</span> <span class='ocrx_word' id='word_1_48' title='bbox 1348 1651 1379 1701; x_wconf 88' lang='lat' dir='ltr'>et</span> <span class='ocrx_word' id='word_1_49' title='bbox 1397 1636 1506 1704; x_wconf 84' lang='lat' dir='ltr'>indus-</span> 
     </span>
     <span class='ocr_line' id='line_1_9' title="bbox 553 1734 1534 1822; baseline 0.004 -22"><span class='ocrx_word' id='word_1_50' title='bbox 553 1737 645 1801; x_wconf 90' lang='lat' dir='ltr'>triam</span> <span class='ocrx_word' id='word_1_51' title='bbox 662 1738 774 1821; x_wconf 82' lang='lat' dir='ltr'>exigit,</span> <span class='ocrx_word' id='word_1_52' title='bbox 786 1736 888 1802; x_wconf 88' lang='lat' dir='ltr'>tutius</span> <span class='ocrx_word' id='word_1_53' title='bbox 900 1750 946 1800; x_wconf 89' lang='lat' dir='ltr'>est</span> <span class='ocrx_word' id='word_1_54' title='bbox 958 1734 1103 1799; x_wconf 87' lang='lat' dir='ltr'>exultare</span> <span class='ocrx_word' id='word_1_55' title='bbox 1116 1737 1327 1822; x_wconf 86' lang='lat' dir='ltr'>quiescentem</span> <span class='ocrx_word' id='word_1_56' title='bbox 1340 1739 1380 1802; x_wconf 89' lang='lat' dir='ltr'>ad</span> <span class='ocrx_word' id='word_1_57' title='bbox 1394 1763 1503 1805; x_wconf 91' lang='lat' dir='ltr'>sonum</span> <span class='ocrx_word' id='word_1_58' title='bbox 1530 1789 1534 1795; x_wconf 80' lang='grc'><em>.</em></span> 
     </span>
     <span class='ocr_line' id='line_1_10' title="bbox 553 1837 1502 1927; baseline 0.005 -25"><span class='ocrx_word' id='word_1_59' title='bbox 553 1838 644 1927; x_wconf 85' lang='lat' dir='ltr'>lyroe,</span> <span class='ocrx_word' id='word_1_60' title='bbox 674 1854 706 1904; x_wconf 91' lang='lat' dir='ltr'>et</span> <span class='ocrx_word' id='word_1_61' title='bbox 736 1862 842 1902; x_wconf 82' lang='lat' dir='ltr'>rocem</span> <span class='ocrx_word' id='word_1_62' title='bbox 867 1837 988 1924; x_wconf 86' lang='lat' dir='ltr'>organi,</span> <span class='ocrx_word' id='word_1_63' title='bbox 1012 1851 1043 1901; x_wconf 90' lang='lat' dir='ltr'>et</span> <span class='ocrx_word' id='word_1_64' title='bbox 1067 1852 1177 1923; x_wconf 88' lang='lat' dir='ltr'>portas</span> <span class='ocrx_word' id='word_1_65' title='bbox 1199 1839 1339 1904; x_wconf 92' lang='lat' dir='ltr'>omnium</span> <span class='ocrx_word' id='word_1_66' title='bbox 1356 1865 1502 1908; x_wconf 85' lang='lat' dir='ltr'>sensuum</span> 
     </span>
     <span class='ocr_line' id='line_1_11' title="bbox 553 1940 1505 2028; baseline 0.006 -22"><span class='ocrx_word' id='word_1_67' title='bbox 553 1942 776 2026; x_wconf 82' lang='lat' dir='ltr'>voluptatibus</span> <span class='ocrx_word' id='word_1_68' title='bbox 790 1943 922 2026; x_wconf 88' lang='lat' dir='ltr'>aperire.</span> <span class='ocrx_word' id='word_1_69' title='bbox 948 1940 1079 2004; x_wconf 85' lang='lat' dir='ltr'>Interim</span> <span class='ocrx_word' id='word_1_70' title='bbox 1093 1940 1385 2028; x_wconf 86' lang='lat' dir='ltr'>philosophantium</span> <span class='ocrx_word' id='word_1_71' title='bbox 1398 1947 1505 2012; x_wconf 85' lang='lat' dir='ltr'>studia</span> 
     </span>
     <span class='ocr_line' id='line_1_12' title="bbox 551 2042 1505 2134; baseline 0.004 -27"><span class='ocrx_word' id='word_1_72' title='bbox 551 2042 757 2107; x_wconf 81' lang='lat' dir='ltr'>deridentur:</span> <span class='ocrx_word' id='word_1_73' title='bbox 782 2042 908 2128; x_wconf 89' lang='lat' dir='ltr'>siquid</span> <span class='ocrx_word' id='word_1_74' title='bbox 932 2042 1065 2108; x_wconf 82' lang='lat' dir='ltr'>auditur</span> <span class='ocrx_word' id='word_1_75' title='bbox 1085 2042 1296 2128; x_wconf 89' lang='lat' dir='ltr'>incognitum,</span> <span class='ocrx_word' id='word_1_76' title='bbox 1319 2049 1410 2132; x_wconf 81' lang='lat' dir='ltr'>qtrasi</span> <span class='ocrx_word' id='word_1_77' title='bbox 1433 2071 1505 2134; x_wconf 90' lang='lat' dir='ltr'>pro-</span> 
     </span>
     <span class='ocr_line' id='line_1_13' title="bbox 550 2145 1503 2232; baseline 0.006 -23"><span class='ocrx_word' id='word_1_78' title='bbox 550 2145 692 2232; x_wconf 88' lang='lat' dir='ltr'>phanum</span> <span class='ocrx_word' id='word_1_79' title='bbox 710 2146 1020 2227; x_wconf 87' lang='lat' dir='ltr'>sit,condemnatur;</span> <span class='ocrx_word' id='word_1_80' title='bbox 1046 2159 1102 2209; x_wconf 92' lang='lat' dir='ltr'>aut</span> <span class='ocrx_word' id='word_1_81' title='bbox 1118 2145 1142 2209; x_wconf 89' lang='lat' dir='ltr'>si</span> <span class='ocrx_word' id='word_1_82' title='bbox 1152 2145 1282 2212; x_wconf 89' lang='lat' dir='ltr'>minoris</span> <span class='ocrx_word' id='word_1_83' title='bbox 1293 2162 1352 2226; x_wconf 91' lang='lat' dir='ltr'>est,</span> <span class='ocrx_word' id='word_1_84' title='bbox 1364 2165 1503 2215; x_wconf 90' lang='lat' dir='ltr'>contem-</span> 
     </span>
     <span class='ocr_line' id='line_1_14' title="bbox 548 2248 1503 2334; baseline 0.005 -23"><span class='ocrx_word' id='word_1_85' title='bbox 548 2248 645 2314; x_wconf 89' lang='lat' dir='ltr'>nitur.</span> <span class='ocrx_word' id='word_1_86' title='bbox 663 2248 1503 2334; x_wconf 82' lang='lat' dir='ltr'>Namutrationeautauctoritatereprobetur,frustra</span> 
     </span>
     <span class='ocr_line' id='line_1_15' title="bbox 546 2350 1502 2435; baseline 0.007 -24"><span class='ocrx_word' id='word_1_87' title='bbox 546 2363 704 2435; x_wconf 80' lang='lat' dir='ltr'>expectas.</span> <span class='ocrx_word' id='word_1_88' title='bbox 752 2350 784 2412; x_wconf 86' lang='lat' dir='ltr'>si</span> <span class='ocrx_word' id='word_1_89' title='bbox 807 2351 928 2414; x_wconf 89' lang='lat' dir='ltr'>ratione</span> <span class='ocrx_word' id='word_1_90' title='bbox 952 2350 1001 2412; x_wconf 90' lang='lat' dir='ltr'>vel</span> <span class='ocrx_word' id='word_1_91' title='bbox 1017 2354 1206 2414; x_wconf 88' lang='lat' dir='ltr'>auctoritate</span> <span class='ocrx_word' id='word_1_92' title='bbox 1229 2351 1348 2427; x_wconf 89' lang='lat' dir='ltr'>niteris,</span> <span class='ocrx_word' id='word_1_93' title='bbox 1371 2376 1502 2418; x_wconf 90' lang='lat' dir='ltr'>consue·</span> 
     </span>
     <span class='ocr_line' id='line_1_16' title="bbox 547 2451 1500 2541; baseline 0.008 -27"><span class='ocrx_word' id='word_1_94' title='bbox 547 2451 691 2517; x_wconf 89' lang='lat' dir='ltr'>tudinem</span> <span class='ocrx_word' id='word_1_95' title='bbox 715 2475 780 2537; x_wconf 90' lang='lat' dir='ltr'>qua</span> <span class='ocrx_word' id='word_1_96' title='bbox 797 2453 986 2527; x_wconf 89' lang='lat' dir='ltr'>abutuntur,</span> <span class='ocrx_word' id='word_1_97' title='bbox 1011 2465 1042 2515; x_wconf 89' lang='lat' dir='ltr'>et</span> <span class='ocrx_word' id='word_1_98' title='bbox 1059 2475 1154 2536; x_wconf 86' lang='lat' dir='ltr'>quam</span> <span class='ocrx_word' id='word_1_99' title='bbox 1171 2452 1327 2534; x_wconf 80' lang='lat' dir='ltr'>feceruut,</span> <span class='ocrx_word' id='word_1_100' title='bbox 1341 2456 1500 2541; x_wconf 87' lang='lat' dir='ltr'>objicient.</span> 
     </span>
     <span class='ocr_line' id='line_1_17' title="bbox 547 2552 1210 2639; baseline 0.002 -25"><span class='ocrx_word' id='word_1_101' title='bbox 547 2553 700 2639; x_wconf 89' lang='lat' dir='ltr'>Dicitque</span> <span class='ocrx_word' id='word_1_102' title='bbox 716 2576 881 2639; x_wconf 88' lang='lat' dir='ltr'>procerum</span> <span class='ocrx_word' id='word_1_103' title='bbox 899 2555 981 2617; x_wconf 85' lang='lat' dir='ltr'>alter</span> <span class='ocrx_word' id='word_1_104' title='bbox 995 2553 1035 2615; x_wconf 93' lang='lat' dir='ltr'>ad</span> <span class='ocrx_word' id='word_1_105' title='bbox 1052 2552 1187 2616; x_wconf 88' lang='lat' dir='ltr'>alterum</span> <span class='ocrx_word' id='word_1_106' title='bbox 1203 2575 1210 2615; x_wconf 76' lang='grc' dir='ltr'><strong>ε</strong></span> 
     </span>
    </p>
   </div>
   <div class='ocr_carea' id='block_1_5' title="bbox 616 2700 1345 2855">
    <p class='ocr_par' dir='ltr' id='par_1_5' title="bbox 616 2700 1345 2855">
     <span class='ocr_line' id='line_1_18' title="bbox 619 2700 1345 2772; baseline 0.003 -21"><span class='ocrx_word' id='word_1_107' title='bbox 619 2700 678 2752; x_wconf 83' lang='lat' dir='ltr'>Hoc</span> <span class='ocrx_word' id='word_1_108' title='bbox 690 2706 731 2753; x_wconf 88' lang='lat' dir='ltr'>est</span> <span class='ocrx_word' id='word_1_109' title='bbox 742 2719 786 2752; x_wconf 90' lang='lat' dir='ltr'>cur</span> <span class='ocrx_word' id='word_1_110' title='bbox 798 2700 887 2772; x_wconf 83' lang='lat' dir='ltr'>pallet,</span> <span class='ocrx_word' id='word_1_111' title='bbox 900 2719 943 2752; x_wconf 89' lang='lat' dir='ltr'>cur</span> <span class='ocrx_word' id='word_1_112' title='bbox 955 2702 1013 2769; x_wconf 84' lang='lat' dir='ltr'>quis</span> <span class='ocrx_word' id='word_1_113' title='bbox 1026 2718 1078 2751; x_wconf 88' lang='lat' dir='ltr'>non</span> <span class='ocrx_word' id='word_1_114' title='bbox 1090 2701 1218 2770; x_wconf 85' lang='lat' dir='ltr'>prandeat</span> <span class='ocrx_word' id='word_1_115' title='bbox 1228 2700 1277 2752; x_wconf 87' lang='lat' dir='ltr'>hoc</span> <span class='ocrx_word' id='word_1_116' title='bbox 1289 2707 1345 2764; x_wconf 84' lang='lat' dir='ltr'>est;</span> 
     </span>
     <span class='ocr_line' id='line_1_19' title="bbox 616 2784 1191 2855; baseline -0.003 -17"><span class='ocrx_word' id='word_1_117' title='bbox 616 2784 792 2855; x_wconf 80' lang='lat' dir='ltr'>Doctoresque</span> <span class='ocrx_word' id='word_1_118' title='bbox 804 2793 862 2838; x_wconf 86' lang='lat' dir='ltr'>tuos</span> <span class='ocrx_word' id='word_1_119' title='bbox 874 2793 946 2839; x_wconf 88' lang='lat' dir='ltr'>curto</span> <span class='ocrx_word' id='word_1_120' title='bbox 960 2792 1078 2839; x_wconf 81' lang='lat' dir='ltr'>centusse</span> <span class='ocrx_word' id='word_1_121' title='bbox 1090 2785 1191 2838; x_wconf 87' lang='lat' dir='ltr'>licetur.</span> 
     </span>
    </p>
   </div>
   <div class='ocr_carea' id='block_1_6' title="bbox 539 2917 1497 3726">
    <p class='ocr_par' dir='ltr' id='par_1_6' title="bbox 539 2917 1497 3726">
     <span class='ocr_line' id='line_1_20' title="bbox 545 2917 1497 3010; baseline 0.005 -22"><span class='ocrx_word' id='word_1_122' title='bbox 545 2925 591 2988; x_wconf 90' lang='lat' dir='ltr'>Et</span> <span class='ocrx_word' id='word_1_123' title='bbox 617 2923 758 3009; x_wconf 89' lang='lat' dir='ltr'>psallunt</span> <span class='ocrx_word' id='word_1_124' title='bbox 786 2923 816 2986; x_wconf 93' lang='lat' dir='ltr'>in</span> <span class='ocrx_word' id='word_1_125' title='bbox 840 2917 962 2989; x_wconf 85' lang='lat' dir='ltr'>sobrios</span> <span class='ocrx_word' id='word_1_126' title='bbox 984 2922 1017 2988; x_wconf 91' lang='lat' dir='ltr'>hi</span> <span class='ocrx_word' id='word_1_127' title='bbox 1045 2924 1101 3010; x_wconf 92' lang='lat' dir='ltr'>qui</span> <span class='ocrx_word' id='word_1_128' title='bbox 1125 2923 1239 2988; x_wconf 91' lang='lat' dir='ltr'>bibunt</span> <span class='ocrx_word' id='word_1_129' title='bbox 1265 2924 1384 2990; x_wconf 91' lang='lat' dir='ltr'>vinum.</span> <span class='ocrx_word' id='word_1_130' title='bbox 1431 2929 1497 2994; x_wconf 90' lang='lat' dir='ltr'>Nec</span> 
     </span>
     <span class='ocr_line' id='line_1_21' title="bbox 544 3025 1496 3112; baseline 0.011 -26"><span class='ocrx_word' id='word_1_131' title='bbox 544 3037 647 3087; x_wconf 91' lang='lat' dir='ltr'>tamen</span> <span class='ocrx_word' id='word_1_132' title='bbox 664 3025 836 3089; x_wconf 80' lang='lat' dir='ltr'>ambitione</span> <span class='ocrx_word' id='word_1_133' title='bbox 857 3039 947 3090; x_wconf 86' lang='lat' dir='ltr'>tanta</span> <span class='ocrx_word' id='word_1_134' title='bbox 968 3025 1154 3112; x_wconf 87' lang='lat' dir='ltr'>episcopalis</span> <span class='ocrx_word' id='word_1_135' title='bbox 1177 3026 1316 3111; x_wconf 85' lang='lat' dir='ltr'>dignitas</span> <span class='ocrx_word' id='word_1_136' title='bbox 1338 3026 1496 3096; x_wconf 82' lang='lat' dir='ltr'>duntaxat</span> 
     </span>
     <span class='ocr_line' id='line_1_22' title="bbox 543 3129 1494 3214; baseline 0.007 -25"><span class='ocrx_word' id='word_1_137' title='bbox 543 3142 762 3212; x_wconf 82' lang='lat' dir='ltr'>oppugnatur,</span> <span class='ocrx_word' id='word_1_138' title='bbox 787 3152 825 3191; x_wconf 92' lang='lat' dir='ltr'>eo</span> <span class='ocrx_word' id='word_1_139' title='bbox 841 3129 929 3214; x_wconf 93' lang='lat' dir='ltr'>quod</span> <span class='ocrx_word' id='word_1_140' title='bbox 941 3130 1009 3213; x_wconf 84' lang='lat' dir='ltr'>jam</span> <span class='ocrx_word' id='word_1_141' title='bbox 1032 3129 1164 3192; x_wconf 89' lang='lat' dir='ltr'>summis</span> <span class='ocrx_word' id='word_1_142' title='bbox 1186 3143 1217 3193; x_wconf 91' lang='lat' dir='ltr'>et</span> <span class='ocrx_word' id='word_1_143' title='bbox 1234 3129 1371 3194; x_wconf 91' lang='lat' dir='ltr'>minimis</span> <span class='ocrx_word' id='word_1_144' title='bbox 1385 3131 1494 3196; x_wconf 87' lang='lat' dir='ltr'>eadem</span> 
     </span>
     <span class='ocr_line' id='line_1_23' title="bbox 542 3229 1496 3318; baseline 0.003 -26"><span class='ocrx_word' id='word_1_145' title='bbox 542 3243 590 3292; x_wconf 86' lang='lat' dir='ltr'>est</span> <span class='ocrx_word' id='word_1_146' title='bbox 606 3229 788 3292; x_wconf 89' lang='lat' dir='ltr'>dominandi</span> <span class='ocrx_word' id='word_1_147' title='bbox 806 3231 1062 3316; x_wconf 74' lang='lat' dir='ltr'>praesidendique</span> <span class='ocrx_word' id='word_1_148' title='bbox 1078 3230 1186 3293; x_wconf 90' lang='lat' dir='ltr'>libido.</span> <span class='ocrx_word' id='word_1_149' title='bbox 1233 3231 1295 3307; x_wconf 86' lang='lat' dir='ltr'>Qui</span> <span class='ocrx_word' id='word_1_150' title='bbox 1312 3235 1396 3295; x_wconf 90' lang='lat' dir='ltr'>enim</span> <span class='ocrx_word' id='word_1_151' title='bbox 1413 3234 1496 3318; x_wconf 88' lang='lat' dir='ltr'>aspi·</span> 
     </span>
     <span class='ocr_line' id='line_1_24' title="bbox 542 3330 1494 3415; baseline 0.005 -22"><span class='ocrx_word' id='word_1_152' title='bbox 542 3353 610 3394; x_wconf 89' lang='lat' dir='ltr'>rare</span> <span class='ocrx_word' id='word_1_153' title='bbox 625 3353 687 3393; x_wconf 92' lang='lat' dir='ltr'>non</span> <span class='ocrx_word' id='word_1_154' title='bbox 703 3331 800 3395; x_wconf 88' lang='lat' dir='ltr'>audet</span> <span class='ocrx_word' id='word_1_155' title='bbox 816 3331 855 3394; x_wconf 86' lang='lat' dir='ltr'>ad</span> <span class='ocrx_word' id='word_1_156' title='bbox 869 3332 1065 3407; x_wconf 85' lang='lat' dir='ltr'>cathedram,</span> <span class='ocrx_word' id='word_1_157' title='bbox 1079 3331 1146 3415; x_wconf 88' lang='lat' dir='ltr'>pari</span> <span class='ocrx_word' id='word_1_158' title='bbox 1170 3330 1323 3396; x_wconf 87' lang='lat' dir='ltr'>aviditate</span> <span class='ocrx_word' id='word_1_159' title='bbox 1335 3347 1366 3397; x_wconf 88' lang='lat' dir='ltr'>et</span> <span class='ocrx_word' id='word_1_160' title='bbox 1378 3334 1494 3398; x_wconf 91' lang='lat' dir='ltr'>eisdem</span> 
     </span>
     <span class='ocr_line' id='line_1_25' title="bbox 542 3432 1495 3521; baseline 0.005 -26"><span class='ocrx_word' id='word_1_161' title='bbox 542 3432 694 3496; x_wconf 88' lang='lat' dir='ltr'>machinis</span> <span class='ocrx_word' id='word_1_162' title='bbox 709 3433 926 3519; x_wconf 72' lang='lat' dir='ltr'>praefecturas,</span> <span class='ocrx_word' id='word_1_163' title='bbox 942 3433 1230 3505; x_wconf 83' lang='lat' dir='ltr'>archidiaconatus,</span> <span class='ocrx_word' id='word_1_164' title='bbox 1247 3445 1278 3496; x_wconf 89' lang='lat' dir='ltr'>et</span> <span class='ocrx_word' id='word_1_165' title='bbox 1293 3433 1369 3498; x_wconf 90' lang='lat' dir='ltr'>alias</span> <span class='ocrx_word' id='word_1_166' title='bbox 1384 3459 1495 3521; x_wconf 81' lang='lat' dir='ltr'>aggre-</span> 
     </span>
     <span class='ocr_line' id='line_1_26' title="bbox 540 3533 1493 3622; baseline 0.006 -24"><span class='ocrx_word' id='word_1_167' title='bbox 540 3533 630 3598; x_wconf 89' lang='lat' dir='ltr'>ditur</span> <span class='ocrx_word' id='word_1_168' title='bbox 652 3534 832 3620; x_wconf 85' lang='lat' dir='ltr'>dignitates.</span> <span class='ocrx_word' id='word_1_169' title='bbox 879 3535 1017 3622; x_wconf 83' lang='lat' dir='ltr'>indulge</span> <span class='ocrx_word' id='word_1_170' title='bbox 1039 3536 1066 3598; x_wconf 90' lang='lat' dir='ltr'>ei</span> <span class='ocrx_word' id='word_1_171' title='bbox 1084 3534 1254 3611; x_wconf 88' lang='lat' dir='ltr'>modicum,</span> <span class='ocrx_word' id='word_1_172' title='bbox 1276 3536 1407 3603; x_wconf 89' lang='lat' dir='ltr'>audebit</span> <span class='ocrx_word' id='word_1_173' title='bbox 1427 3562 1493 3604; x_wconf 90' lang='lat' dir='ltr'>am·</span> 
     </span>
     <span class='ocr_line' id='line_1_27' title="bbox 539 3635 1333 3726; baseline 0.006 -27"><span class='ocrx_word' id='word_1_174' title='bbox 539 3635 652 3722; x_wconf 88' lang='lat' dir='ltr'>pliora,</span> <span class='ocrx_word' id='word_1_175' title='bbox 668 3637 817 3723; x_wconf 87' lang='lat' dir='ltr'>procedet</span> <span class='ocrx_word' id='word_1_176' title='bbox 833 3637 999 3724; x_wconf 88' lang='lat' dir='ltr'>paulatim,</span> <span class='ocrx_word' id='word_1_177' title='bbox 1017 3639 1231 3715; x_wconf 87' lang='lat' dir='ltr'>reminiscens,</span> <span class='ocrx_word' id='word_1_178' title='bbox 1247 3639 1333 3726; x_wconf 90' lang='lat' dir='ltr'>quod</span> 
     </span>
    </p>
   </div>
   <div class='ocr_carea' id='block_1_7' title="bbox 645 3786 988 3860">
    <p class='ocr_par' dir='ltr' id='par_1_7' title="bbox 645 3786 988 3860">
     <span class='ocr_line' id='line_1_28' title="bbox 645 3786 988 3860; baseline 0 -22"><span class='ocrx_word' id='word_1_179' title='bbox 645 3786 780 3840; x_wconf 84' lang='lat' dir='ltr'>Audentes</span> <span class='ocrx_word' id='word_1_180' title='bbox 792 3786 895 3840; x_wconf 67' lang='lat' dir='ltr'>somnne</span> <span class='ocrx_word' id='word_1_181' title='bbox 902 3788 988 3860; x_wconf 85' lang='lat' dir='ltr'>jurat,</span> 
     </span>
    </p>
   </div>
   <div class='ocr_carea' id='block_1_8' title="bbox 537 3923 1490 4316">
    <p class='ocr_par' dir='ltr' id='par_1_8' title="bbox 537 3923 1490 4316">
     <span class='ocr_line' id='line_1_29' title="bbox 538 3923 1490 4008; baseline 0.006 -22"><span class='ocrx_word' id='word_1_182' title='bbox 538 3935 570 3986; x_wconf 85' lang='lat' dir='ltr'>et</span> <span class='ocrx_word' id='word_1_183' title='bbox 586 3923 681 3987; x_wconf 90' lang='lat' dir='ltr'>timor</span> <span class='ocrx_word' id='word_1_184' title='bbox 696 3927 817 3987; x_wconf 86' lang='lat' dir='ltr'>animos</span> <span class='ocrx_word' id='word_1_185' title='bbox 831 3924 990 3988; x_wconf 89' lang='lat' dir='ltr'>convincit</span> <span class='ocrx_word' id='word_1_186' title='bbox 1002 3948 1069 3988; x_wconf 88' lang='lat' dir='ltr'>esse</span> <span class='ocrx_word' id='word_1_187' title='bbox 1081 3923 1260 4008; x_wconf 88' lang='lat' dir='ltr'>degeneres.</span> <span class='ocrx_word' id='word_1_188' title='bbox 1292 3927 1427 3990; x_wconf 89' lang='lat' dir='ltr'>“Nemo</span> <span class='ocrx_word' id='word_1_189' title='bbox 1443 3951 1490 3992; x_wconf 89' lang='lat' dir='ltr'>re·</span> 
     </span>
     <span class='ocr_line' id='line_1_30' title="bbox 537 4024 1489 4112; baseline 0.006 -26"><span class='ocrx_word' id='word_1_190' title='bbox 537 4039 632 4109; x_wconf 90' lang='lat' dir='ltr'>pente</span> <span class='ocrx_word' id='word_1_191' title='bbox 648 4024 850 4112; x_wconf 79' lang='lat' dir='ltr'>turpissimus</span> <span class='ocrx_word' id='word_1_192' title='bbox 865 4025 959 4089; x_wconf 84' lang='lat' dir='ltr'>fuit.&#39;&#39;</span> <span class='ocrx_word' id='word_1_193' title='bbox 1004 4026 1037 4089; x_wconf 91' lang='lat' dir='ltr'>Si</span> <span class='ocrx_word' id='word_1_194' title='bbox 1053 4025 1220 4111; x_wconf 89' lang='lat' dir='ltr'>paululum</span> <span class='ocrx_word' id='word_1_195' title='bbox 1237 4027 1419 4091; x_wconf 86' lang='lat' dir='ltr'>successerit</span> <span class='ocrx_word' id='word_1_196' title='bbox 1433 4031 1489 4103; x_wconf 85' lang='lat' dir='ltr'>eis,</span> 
     </span>
     <span class='ocr_line' id='line_1_31' title="bbox 538 4126 1490 4214; baseline 0.004 -26"><span class='ocrx_word' id='word_1_197' title='bbox 538 4126 668 4192; x_wconf 87' lang='lat' dir='ltr'>nihilest</span> <span class='ocrx_word' id='word_1_198' title='bbox 679 4129 766 4214; x_wconf 91' lang='lat' dir='ltr'>quod</span> <span class='ocrx_word' id='word_1_199' title='bbox 777 4152 809 4190; x_wconf 92' lang='lat' dir='ltr'>se</span> <span class='ocrx_word' id='word_1_200' title='bbox 819 4128 885 4191; x_wconf 90' lang='lat' dir='ltr'>fieri</span> <span class='ocrx_word' id='word_1_201' title='bbox 896 4150 985 4213; x_wconf 90' lang='lat' dir='ltr'>posse</span> <span class='ocrx_word' id='word_1_202' title='bbox 996 4151 1057 4191; x_wconf 93' lang='lat' dir='ltr'>non</span> <span class='ocrx_word' id='word_1_203' title='bbox 1069 4139 1205 4214; x_wconf 89' lang='lat' dir='ltr'>sperent.</span> <span class='ocrx_word' id='word_1_204' title='bbox 1229 4126 1371 4189; x_wconf 81' lang='lat' dir='ltr'>Tandem</span> <span class='ocrx_word' id='word_1_205' title='bbox 1382 4127 1490 4214; x_wconf 85' lang='lat' dir='ltr'>itaque</span> 
     </span>
     <span class='ocr_line' id='line_1_32' title="bbox 537 4226 1467 4316; baseline 0.002 -25"><span class='ocrx_word' id='word_1_206' title='bbox 537 4229 624 4313; x_wconf 92' lang='lat' dir='ltr'>quod</span> <span class='ocrx_word' id='word_1_207' title='bbox 641 4231 774 4316; x_wconf 90' lang='lat' dir='ltr'>petitur,</span> <span class='ocrx_word' id='word_1_208' title='bbox 790 4230 965 4308; x_wconf 89' lang='lat' dir='ltr'>obtinetur,</span> <span class='ocrx_word' id='word_1_209' title='bbox 982 4229 1036 4294; x_wconf 91' lang='lat' dir='ltr'>sed</span> <span class='ocrx_word' id='word_1_210' title='bbox 1055 4248 1089 4294; x_wconf 90' lang='lat' dir='ltr'>ut</span> <span class='ocrx_word' id='word_1_211' title='bbox 1104 4228 1166 4292; x_wconf 90' lang='lat' dir='ltr'>dici</span> <span class='ocrx_word' id='word_1_212' title='bbox 1183 4226 1273 4307; x_wconf 90' lang='lat' dir='ltr'>solet,</span> <span class='ocrx_word' id='word_1_213' title='bbox 1290 4230 1360 4291; x_wconf 90' lang='lat' dir='ltr'>Deo</span> <span class='ocrx_word' id='word_1_214' title='bbox 1376 4227 1467 4293; x_wconf 90' lang='lat' dir='ltr'>irato.</span> 
     </span>
    </p>
   </div>
   <div class='ocr_carea' id='block_1_9' title="bbox 641 4361 1350 4520">
    <p class='ocr_par' dir='ltr' id='par_1_9' title="bbox 641 4361 1350 4520">
     <span class='ocr_line' id='line_1_33' title="bbox 641 4361 1350 4434; baseline -0.001 -20"><span class='ocrx_word' id='word_1_215' title='bbox 641 4364 716 4417; x_wconf 86' lang='lat' dir='ltr'>Tunc</span> <span class='ocrx_word' id='word_1_216' title='bbox 728 4383 827 4418; x_wconf 83' lang='lat' dir='ltr'>crassos</span> <span class='ocrx_word' id='word_1_217' title='bbox 839 4366 964 4418; x_wconf 87' lang='lat' dir='ltr'>transisse</span> <span class='ocrx_word' id='word_1_218' title='bbox 976 4365 1042 4428; x_wconf 81' lang='lat' dir='ltr'>dies,</span> <span class='ocrx_word' id='word_1_219' title='bbox 1054 4363 1188 4431; x_wconf 85' lang='lat' dir='ltr'>lucemque</span> <span class='ocrx_word' id='word_1_220' title='bbox 1199 4361 1350 4434; x_wconf 84' lang='lat' dir='ltr'>palustrem,</span> 
     </span>
     <span class='ocr_line' id='line_1_34' title="bbox 641 4446 1268 4520; baseline -0.002 -22"><span class='ocrx_word' id='word_1_221' title='bbox 641 4449 676 4498; x_wconf 84' lang='lat' dir='ltr'>Et</span> <span class='ocrx_word' id='word_1_222' title='bbox 688 4449 737 4500; x_wconf 87' lang='lat' dir='ltr'>sihi</span> <span class='ocrx_word' id='word_1_223' title='bbox 746 4451 802 4520; x_wconf 85' lang='lat' dir='ltr'>jam</span> <span class='ocrx_word' id='word_1_224' title='bbox 814 4450 900 4501; x_wconf 91' lang='lat' dir='ltr'>miseri</span> <span class='ocrx_word' id='word_1_225' title='bbox 914 4450 994 4501; x_wconf 86' lang='lat' dir='ltr'>vitam</span> <span class='ocrx_word' id='word_1_226' title='bbox 1006 4465 1131 4514; x_wconf 86' lang='lat' dir='ltr'>gemuere</span> <span class='ocrx_word' id='word_1_227' title='bbox 1142 4446 1268 4498; x_wconf 84' lang='lat' dir='ltr'>relictam.</span> 
     </span>
    </p>
   </div>
   <div class='ocr_carea' id='block_1_10' title="bbox 0 0 2046 5634">
    <p class='ocr_par' dir='ltr' id='par_1_10' title="bbox 0 0 2046 5634">
     <span class='ocr_line' id='line_1_35' title="bbox 0 0 2046 5634; baseline 0 11"><span class='ocrx_word' id='word_1_228' title='bbox 0 0 2046 5634; x_wconf 95' lang='lat' dir='ltr'> </span> 
     </span>
    </p>
   </div>
  </div>
 </body>
</html>
