4084 5634
650 813 709 876 144
887 816 1039 871 'ioannis
1055 823 1333 870 sanusnsnrausrs
1444 804 1524 884 [ms.
1540 819 1598 866 vn.

646 981 719 1043 loco
744 977 883 1040 horroris
905 989 937 1041 et
966 987 1063 1040 vastae
1094 974 1284 1050 solitudinis,
1306 974 1597 1058 immussuli-cst

646 1077 934 1165 oblivionia‚„quam
951 1074 997 1139 illi
1012 1076 1201 1152 inhabitant,
1223 1075 1279 1158 qui
1294 1062 1348 1137 sui
1367 1076 1599 1137 obliviscuntur

631 1158 838 1255 inmundo,
861 1179 945 1241 velut
968 1177 1116 1262 stupidus
1142 1175 1288 1239 ludorum
1318 1176 1457 1239 vanitate
1483 1182 1597 1256 captus

645 1281 679 1342 in
694 1279 828 1357 theatro,
843 1279 935 1363 quasi
959 1279 999 1343 de
1021 1277 1111 1343 fonto
1133 1299 1209 1357 uno,
1231 1277 1373 1341 omnium
1397 1276 1505 1360 capita
1526 1277 1597 1358 pul·

645 1380 747 1443 lulant
769 1379 925 1443 vitiorum.
970 1381 1038 1444 Hic
1062 1391 1167 1444 autem
1188 1389 1305 1462 puteus
1330 1376 1517 1461 cupiditatis
1537 1385 1595 1439 est.

645 1479 729 1543 Eam
754 1501 829 1543 vero
853 1481 900 1545 sic
921 1491 1046 1566 patrum
1074 1480 1191 1543 diffinit
1213 1479 1394 1557 auctoritas,
1418 1487 1452 1542 ut
1475 1477 1599 1540 dicatur

646 1581 808 1665 cupiditas
823 1604 892 1647 esse
907 1605 996 1647 amor
1011 1604 1217 1666 eorumquae
1239 1582 1312 1665 quis
1333 1581 1474 1645 amittere
1492 1587 1600 1663 potest

647 1683 773 1747 inritus.
819 1684 969 1749 Sociatur
982 1685 1067 1748 enim
1083 1683 1113 1747 ei
1130 1681 1263 1746 stultitia
1278 1703 1395 1760 comes,
1412 1679 1550 1745 suadens
1564 1677 1598 1741 id

648 1784 747 1848 amari
761 1795 793 1848 et
807 1786 918 1868 quari,
933 1784 1020 1869 quod
1037 1784 1137 1849 teneri
1156 1777 1221 1847 non
1236 1793 1351 1868 potest
1395 1783 1439 1847 Et
1461 1793 1510 1844 est
1524 1781 1599 1843 stul-

648 1883 718 1947 titia
732 1905 840 1948 eorum
856 1905 928 1969 quae
943 1883 1076 1949 scienda
1091 1895 1174 1961 sunt,
1188 1885 1303 1948 vitiosa
1316 1883 1505 1966 ignorantia.
1543 1881 1597 1944 Sic

647 2005 718 2047 eam
732 1984 815 2048 liber
833 1985 939 2067 magni
959 1984 1133 2064 Augustini
1155 1982 1196 2046 de
1217 1984 1318 2046 libero
1336 1983 1465 2046 arbitrio
1485 1967 1597 2066 pingit·

652 2083 794 2146 sienim
817 2084 977 2168 nesciatur
998 2081 1087 2167 quod
1109 2082 1182 2145 sciri
1204 2102 1270 2144 non
1293 2093 1411 2164 potest,
1427 2083 1460 2144 in
1481 2102 1597 2143 nomen

650 2183 791 2244 stultitiae
807 2182 937 2244 minime
954 2181 1050 2245 cadit.
1095 2183 1138 2244 At
1153 2201 1251 2265 quum
1268 2181 1317 2244 sui
1332 2180 1510 2261 ignorantia
1530 2180 1601 2261 quis

649 2292 784 2358 tenetur,
801 2268 914 2345 transit
928 2281 969 2344 ad
988 2283 1108 2345 stultos.
1156 2282 1191 2346 Si
1212 2282 1245 2344 in
1266 2281 1371 2354 bonis,
1387 2302 1458 2364 quae
1477 2279 1600 2343 minora

649 2392 795 2464 patenter
813 2394 897 2459 sunt,
920 2383 1096 2468 majoribus
1116 2383 1252 2466 praefert,
1268 2384 1364 2446 stulte
1381 2380 1516 2465 judicat.
1563 2381 1597 2443 Si

649 2485 724 2549 vitia
738 2506 889 2569 sequens,
899 2496 1020 2570 partem
1033 2506 1124 2549 suam
1140 2484 1327 2548 deteriorem
1341 2483 1448 2560 faciat,
1457 2482 1598 2545 stultitiae

650 2575 877 2654 maledictione
901 2588 1077 2653 damnatur.
1123 2588 1158 2652 si
1182 2608 1258 2668 ergo
1283 2607 1368 2649 error
1393 2585 1487 2650 suerit
1508 2584 1599 2667 cupi-

651 2688 750 2754 ditate
762 2711 947 2770 succensus,
958 2691 1132 2774 praecipitii
1144 2689 1312 2774 multiplex
1323 2689 1374 2752 via
1389 2696 1486 2771 patet,
1499 2707 1598 2769 quum

651 2792 692 2854 ab
713 2812 817 2856 errore
836 2793 887 2871 sit,
903 2804 937 2856 nt
955 2794 1064 2870 homo,
1084 2791 1163 2876 quid
1184 2792 1226 2854 sit
1246 2789 1443 2874 sequendum
1467 2789 1601 2871 ignoret,

650 2902 682 2953 et
706 2893 811 2973 ipsum
837 2894 871 2955 in
896 2895 982 2957 invio
1006 2896 1187 2969 abeuntem,
1208 2893 1323 2955 fornax
1345 2889 1530 2974 cupiditatis
1554 2887 1602 2949 in-

650 2990 800 3053 flammet.
845 2994 890 3054 Et
914 2993 1046 3077 quidem
1075 2993 1180 3055 adhuc
1211 2993 1386 3074 praevalent
1415 2993 1511 3053 verba
1540 2990 1599 3050 ini·

651 3109 797 3170 quorum,
821 3091 897 3155 dum
920 3092 1015 3156 homo
1038 3092 1174 3176 propriu
1197 3092 1389 3172 cognitionis
1408 3092 1549 3173 ignauis,
1568 3104 1601 3153 et

654 3189 771 3255 debite
786 3192 994 3278 subjectionis
1008 3193 1189 3258 detrectans
1198 3193 1326 3278 jugum,
1340 3192 1485 3256 fictitiam
1500 3213 1601 3276 quan·

654 3293 726 3359 dam
742 3297 871 3360 affectat
884 3297 1074 3376 libertatem,
1087 3308 1124 3361 nt
1137 3296 1240 3381 possit
1254 3297 1357 3360 vivere
1372 3296 1441 3360 sine
1455 3306 1552 3368 metu,
1568 3306 1601 3356 et

653 3398 785 3478 impune
797 3398 884 3481 quod
894 3401 1026 3463 voluerit
1039 3401 1152 3476 lacere,
1162 3410 1194 3463 ct
1209 3397 1446 3482 quodammodo
1452 3397 1521 3482 jam
1531 3417 1600 3459 esse

652 3497 736 3559 sicut
750 3498 850 3560 Deus.
870 3514 872 3519 ·
896 3501 972 3560 Non
992 3510 1098 3562 tamen
1120 3498 1205 3580 quod
1229 3498 1368 3561 divinam
1389 3498 1465 3560 velit
1487 3497 1602 3558 imitari

652 3595 839 3668 bonitatem,
855 3595 913 3658 sed
935 3599 1053 3673 Deum,
1068 3597 1175 3660 dando
1201 3597 1420 3680 impunitatem
1443 3596 1545 3672 malis,
1560 3593 1602 3658 sd

654 3716 743 3759 suain
774 3696 841 3757 vult
855 3697 1006 3760 malitiam
1037 3697 1193 3759 inclinari.
1239 3697 1291 3761 De
1320 3696 1427 3760 radice
1450 3718 1526 3777 ergo
1549 3718 1600 3761 su·

652 3796 772 3880 perbiae
795 3797 930 3880 surrepit
951 3797 1092 3871 ambitio,
1116 3798 1266 3880 potentiae
1296 3798 1420 3861 scilicet
1441 3798 1602 3882 cupiditas

654 3909 688 3963 et
701 3898 842 3974 honoris,
864 3908 900 3961 ut
922 3898 998 3962 hinc
1020 3900 1101 3962 vires
1121 3900 1295 3963 habeatne
1322 3910 1501 3983 prematur:
1524 3900 1600 3964 hinc

654 4002 821 4084 proveniat
845 4001 1029 4078 reverentia,
1055 4022 1097 4065 ne
1123 4002 1267 4066 vilescat.
1313 4000 1419 4064 Nemo
1443 4002 1529 4064 enim
1554 4012 1603 4066 cst

655 4104 711 4187 qui
733 4124 797 4166 non
822 4101 957 4184 gaudeat
979 4103 1135 4181 libertate,
1157 4104 1259 4186 etqui
1283 4103 1374 4176 vires,
1391 4103 1509 4185 quibus
1530 4125 1602 4167 eam

653 4215 786 4283 tueatur,
796 4226 860 4267 non
870 4215 967 4289 optet
1004 4202 1095 4267 Nihil
1106 4206 1190 4268 enim
1200 4204 1344 4288 estquod
1354 4226 1418 4269 non
1430 4209 1465 4268 in
1476 4228 1600 4289 permu-

654 4305 806 4369 tationem
815 4306 884 4390 ejus
892 4307 1007 4385 veniat,
1018 4307 1144 4371 silocus
1153 4306 1253 4371 adsit:
1271 4308 1505 4374 Servitusenim
1515 4331 1603 4393 quae·

657 4404 731 4467 dam
743 4407 847 4489 imago
859 4409 969 4472 mortis
982 4418 1043 4484 est,
1054 4419 1087 4474 et
1096 4409 1226 4474 libertas
1236 4411 1390 4475 securitas
1402 4412 1485 4477 vitae.
1524 4413 1606 4477 Indo
