4084 5634
541 815 611 863 cae.
627 798 734 879 mu]
922 812 1174 861 eonrcuarreos.
1448 800 1490 859 68

541 969 719 1053 acquisivit,
738 970 826 1032 solus
847 969 956 1033 omnia
976 966 1109 1031 devorat
1130 976 1163 1030 et
1185 966 1354 1030 consumit.
1399 965 1487 1038 Quid

540 1068 661 1136 multa?
698 1064 922 1136 condixerunt
943 1082 978 1136 nt
999 1092 1020 1135 a
1040 1068 1204 1136 laboribus
1225 1069 1432 1147 abstinerent,
1455 1079 1488 1132 et

539 1175 626 1256 gravi
648 1172 759 1237 inedia
780 1172 978 1238 conficerent
998 1173 1090 1238 illurn
1112 1173 1246 1237 inertem
1266 1182 1300 1235 et
1321 1171 1488 1254 publicum

539 1274 674 1338 hostem.
720 1270 848 1338 Exacta
869 1281 919 1338 est
939 1274 986 1338 sie
1005 1295 1070 1338 una
1092 1273 1173 1353 dies,
1188 1283 1299 1337 secuta
1320 1284 1370 1337 est
1391 1271 1491 1334 altera

540 1372 713 1437 taediosior.
756 1372 867 1436 Tertia
880 1371 962 1436 adeo
976 1373 1159 1454 perniciosa
1173 1372 1243 1451 luit,
1257 1381 1295 1435 ut
1309 1373 1373 1436 sere
1388 1371 1490 1435 omni·

539 1474 602 1538 bus
616 1472 775 1538 desectum
794 1470 961 1537 indiceret.
1008 1475 1152 1557 Urgente
1167 1475 1275 1560 itaque
1290 1473 1493 1550 necessitate,

542 1573 653 1637 iratres
671 1569 785 1636 iterum
805 1573 840 1635 in
854 1593 955 1636 unum
972 1584 1204 1650 convenerunt,
1218 1574 1320 1636 acturi
1336 1572 1377 1636 de
1393 1573 1493 1636 salute

543 1695 612 1750 sua,
629 1684 662 1738 et
681 1672 783 1736 hostis
804 1672 929 1755 publici
951 1683 1044 1735 stetu.
1090 1674 1197 1746 Quum
1216 1695 1291 1737 vero
1313 1693 1425 1738 ornnes
1444 1693 1493 1736 as·

543 1775 699 1851 sisterent,
713 1773 799 1836 oculi
820 1774 1022 1854 languerunt,
1044 1793 1102 1858 pes
1122 1775 1240 1836 molem
1263 1774 1406 1857 corporis
1428 1793 1495 1836 non

545 1875 659 1950 erexit,
682 1874 854 1956 torpebant
878 1873 1021 1952 brachia,
1044 1872 1099 1936 sed
1127 1884 1160 1937 et
1185 1873 1258 1958 ipsa
1280 1874 1389 1956 lingua
1410 1874 1495 1936 iners

546 1986 580 2039 et
600 1973 764 2040 deficienti
785 1976 895 2059 palato
917 1975 1047 2053 sociata,
1062 1996 1191 2039 causam
1214 1996 1415 2040 communem
1438 1995 1495 2039 ex·

549 2097 668 2161 ponere
684 2097 749 2138 non
770 2075 984 2160 presumpsit.
1027 2075 1078 2139 Ad
1102 2075 1208 2141 cordis
1229 2097 1304 2159 ergo
1327 2076 1497 2140 consilium

548 2179 656 2242 omnia
683 2177 854 2254 redierunt,
881 2177 990 2261 ibique
1014 2178 1125 2243 habita
1151 2178 1392 2257 deliberatione,
1417 2178 1497 2242 ratio

547 2280 712 2366 patefecit,
742 2280 894 2362 quoniam
924 2281 994 2345 haee
1028 2283 1113 2345 mela
1141 2281 1318 2364 ingerebat,
1341 2281 1396 2365 qni
1424 2291 1498 2344 ante

547 2381 760 2446 denunciatus
773 2382 877 2445 suerat
891 2381 1043 2464 publicus
1061 2381 1170 2446 bostis.
1214 2382 1270 2447 Ex
1289 2404 1354 2467 quo
1368 2382 1454 2447 enim
1468 2380 1499 2444 ei

548 2485 668 2550 tribute
696 2483 860 2546 subtracta
882 2494 967 2559 sunt,
989 2494 1024 2546 et
1052 2483 1123 2566 ipse
1152 2484 1243 2567 quusi
1263 2485 1414 2566 publicus
1435 2482 1499 2546 dis·

548 2593 708 2668 pensator,
722 2584 872 2647 omnibus
885 2584 1039 2648 alimenta
1053 2583 1218 2647 subduxit
1259 2585 1306 2649 Et
1319 2586 1394 2667 qnia
1406 2604 1501 2647 nemo

551 2695 659 2767 potest
678 2685 747 2747 sine
771 2682 943 2767 stipendiis
963 2682 1112 2759 militare,
1126 2703 1224 2765 quom
1251 2684 1412 2767 stipendis
1435 2705 1501 2748 non

553 2783 742 2871 procedunt,
764 2783 949 2849 debilitatur
969 2796 1003 2847 et
1027 2783 1181 2865 frangitur
1205 2784 1306 2848 miles
1352 2783 1417 2848 Sed
1442 2805 1502 2849 uec

552 2888 587 2951 iu
616 2885 868 2970 dispensatorem
897 2897 1022 2969 poterat
1050 2885 1147 2970 culpe
1175 2884 1312 2964 refundi,
1333 2886 1390 2971 qni
1413 2886 1502 2969 quod

553 3011 619 3054 non
633 3000 813 3072 acceperat,
828 2988 959 3053 minime
982 2987 1122 3072 potuerit
1142 2988 1214 3053 eliis
1233 3009 1374 3071 erogare.
1418 2989 1503 3051 Ion·

553 3112 656 3175 geque
676 3093 775 3155 tutius
796 3111 879 3168 esse,
895 3102 930 3155 ut
950 3090 1090 3177 siquod
1111 3090 1280 3156 distribuat
1300 3090 1506 3166 ministretur,

555 3214 652 3277 quam
665 3193 721 3255 illo
736 3201 889 3255 evacuato
899 3192 1008 3256 omnia
1017 3194 1162 3256 membra
1169 3193 1319 3257 esurient
1356 3192 1505 3255 Factum·

555 3313 619 3376 que
642 3303 693 3355 est
719 3291 785 3355 ita:
814 3290 970 3356 suadente
991 3293 1114 3356 ratione
1140 3293 1293 3376 impletus
1316 3302 1367 3355 est
1389 3300 1507 3367 venter,

557 3392 733 3458 refocillata
744 3394 897 3470 membra,
907 3402 940 3456 et
953 3412 1020 3474 pax
1032 3391 1177 3456 omnium
1192 3393 1368 3457 reformata.
1405 3392 1507 3456 Abeo-

557 3497 645 3559 lutns
665 3503 715 3557 est
744 3493 851 3577 itaque
881 3493 1077 3569 stomachus,
1102 3494 1158 3577 qui
1183 3495 1259 3558 licet
1282 3514 1381 3558 vorax
1402 3494 1454 3570 sit,
1475 3503 1508 3556 et

558 3595 670 3661 aridus
685 3595 793 3671 alieni,
810 3615 874 3658 non
894 3595 957 3659 sibi
979 3605 1087 3660 tumen
1103 3596 1195 3680 petit,
1209 3594 1266 3659 ssd
1285 3596 1368 3673 aliis,
1382 3617 1454 3679 quae
1467 3616 1507 3659 eo

560 3697 726 3762 exinanito
760 3709 925 3781 nequeunt
958 3699 1137 3762 sustentari.
1195 3698 1275 3762 Tele
1309 3706 1369 3773 est,
1394 3697 1509 3782 inquit,

560 3801 663 3877 frater,
684 3798 713 3863 si
738 3809 825 3863 recte
848 3799 1007 3878 attendas,
1027 3801 1060 3862 in
1081 3822 1215 3885 corpore
1237 3798 1432 3884 reipublicae,
1453 3799 1509 3862 ubi

559 3900 636 3965 licet
645 3900 818 3982 plurimum
830 3910 960 3983 appetat
967 3903 1179 3983 magistratus,
1189 3923 1256 3966 non
1266 3912 1332 3965 tam
1343 3901 1405 3964 sibi
1413 3921 1510 3982 quarn

562 4003 632 4066 aliis
653 4013 830 4067 coacervat.
874 4002 910 4066 si
932 4004 1016 4067 enim
1038 4005 1224 4068 exinanitus
1246 4005 1349 4081 fuerit,
1362 4001 1445 4065 nihil
1464 4011 1513 4064 cst

564 4102 651 4188 quod
672 4102 824 4167 membris
848 4106 951 4167 valeat
975 4105 1139 4188 impartiri.
1186 4107 1270 4169 Narn
1295 4101 1453 4168 stomachi
1477 4101 1510 4164 in

565 4226 708 4288 corpore,
721 4217 755 4267 et
776 4204 931 4288 principis
952 4205 984 4268 in
1006 4207 1174 4290 republica
1193 4205 1279 4268 idem
1300 4200 1439 4266 officium
1454 4213 1512 4279 est,

563 4306 657 4389 juxta
671 4305 752 4370 illud
766 4306 806 4379 Q
823 4305 951 4371 Sereni:

671 4439 724 4500 Qui
735 4439 895 4492 stomachum
906 4456 994 4506 regem
1007 4439 1087 4491 totius
1099 4435 1211 4507 eorporis
1223 4450 1280 4486 esse
