4084 5634
544 850 616 899 ose.
635 835 705 916 nn]
902 850 1154 898 rouromrrous
1435 831 1493 892 211

540 1005 687 1068 insanire.
734 1005 845 1090 Hujus
866 1025 945 1088 ergo
970 1001 1126 1068 Phoedrioe
1153 1013 1185 1066 et
1208 999 1342 1065 Thaidis
1365 1021 1401 1061 ea
1422 1021 1496 1062 con-

540 1107 661 1172 ditione
674 1107 803 1171 interest
815 1107 920 1171 verbis
933 1119 969 1171 ut
986 1105 1071 1193 quod
1085 1106 1217 1169 verbum
1232 1103 1367 1166 audierit
1381 1115 1495 1174 taceat,

538 1222 572 1273 et
602 1208 762 1273 contineat
791 1209 933 1295 optime;
968 1209 1014 1273 sin
1048 1208 1163 1272 salsum
1193 1218 1250 1271 aut
1281 1225 1408 1282 vanum,
1437 1215 1494 1266 aut

543 1314 665 1389 fictum,
680 1312 833 1376 continuo
848 1311 952 1396 palam
969 1308 1125 1374 effundit:

680 1416 775 1473 Plenas
787 1421 911 1472 rimarum
923 1425 972 1483 est,
984 1419 1034 1471 hac
1047 1423 1128 1487 atque
1137 1414 1197 1470 illae
1209 1410 1299 1470 effluit.

542 1517 727 1600 Utrumque
742 1516 861 1599 arguit,
879 1515 991 1580 irridet
1013 1526 1200 1597 utrumque,
1215 1512 1346 1598 quando
1360 1510 1494 1577 alterum

540 1614 662 1691 fallere,
693 1614 829 1679 alterum
860 1615 946 1680 ridet
976 1614 1227 1679 irrevocabiliter
1251 1612 1397 1676 insanire.
1441 1609 1496 1677 Ait

539 1738 617 1801 ergo
632 1715 783 1779 exclusus
799 1728 830 1780 et
846 1736 975 1802 gemens
989 1736 1057 1804 prae
1072 1714 1199 1782 dolore:

789 1821 815 1875 Ο
828 1818 912 1877 Thais
923 1826 1022 1878 utinam
1035 1829 1104 1878 esset
1115 1823 1179 1876 mihi

575 1906 642 1960 Pars
653 1925 728 1977 sequa
739 1910 833 1962 amoris
844 1917 939 1975 tecum,
951 1928 981 1962 ac
992 1912 1088 1982 pariter
1098 1909 1183 1975 fieret,
1194 1917 1225 1964 nt

576 1993 687 2046 Authoc
694 1993 740 2046 tibi
750 1993 859 2059 doleret,
868 2001 914 2048 aut
922 2012 972 2063 ego
980 1995 1051 2048 istud
1060 1995 1108 2048 abs
1115 1994 1248 2049 tefaotum
1259 1994 1334 2048 nihili
1344 1995 1494 2068 penderem!

546 2088 596 2152 Ad
612 2087 683 2152 haec
697 2087 813 2154 Thais:

578 2197 641 2250 Non
652 2200 737 2251 crucia
748 2205 774 2252 te
787 2199 893 2252 ohseero
904 2198 990 2252 artime
1001 2200 1038 2251 mi
1051 2197 1181 2262 Phaedria,
1290 2190 1292 2194 ’

576 2285 604 2335 N
605 2302 638 2337 on
650 2284 693 2356 pol
705 2303 860 2355 quemquam
872 2285 929 2355 plus
941 2303 1036 2350 amem,
1049 2297 1094 2338 aut
1106 2281 1166 2354 plus
1179 2285 1296 2354 diligam,

577 2369 617 2423 Eo
628 2369 690 2434 feei,
702 2371 748 2423 sed
760 2372 798 2423 ita
809 2376 864 2423 erat
877 2388 927 2435 res,
938 2368 1087 2424 faciendum
1098 2369 1156 2422 nit.

544 2464 643 2530 Plane

575 2572 663 2637 credo,
673 2573 757 2642 inquit
768 2573 908 2636 Parmeno,
919 2573 1014 2625 misera
1024 2591 1076 2644 pra
1087 2588 1174 2625 amore
1185 2571 1296 2626 exclusit
1307 2572 1375 2624 hunc
1384 2570 1462 2624 foras.

541 2666 627 2746 Quid
658 2666 780 2731 multa?
805 2668 845 2731 Id
876 2668 943 2749 agit
972 2665 1099 2732 fallacia
1127 2666 1312 2742 meretricis,
1342 2679 1380 2730 ut
1409 2687 1494 2730 unus

540 2767 716 2832 amantium
732 2767 823 2832 alteri
839 2767 959 2854 priores
974 2782 1080 2852 partes
1099 2767 1192 2832 cedat
1208 2790 1265 2853 per
1279 2766 1402 2853 aliquot
1416 2765 1495 2846 dies,

537 2867 616 2932 dum
629 2868 772 2932 deterius
785 2869 880 2933 rebus
891 2868 1014 2932 amissis
1026 2881 1219 2953 emungatur
1231 2867 1394 2934 admissus.
1418 2871 1493 2934 Mos

538 2982 587 3034 est
610 2969 694 3034 enim
713 2970 873 3056 gerendus
900 2970 1034 3053 Thaidi,
1057 2994 1131 3057 quae
1153 2970 1344 3057 profusiores
1367 2986 1400 3036 et
1422 2993 1494 3057 per·

538 3071 669 3138 ditiores
691 3072 841 3140 admittit
888 3073 1022 3138 Interim
1046 3073 1126 3160 quid
1142 3074 1261 3138 donare
1282 3085 1414 3159 queant,
1436 3086 1494 3139 aut

539 3173 677 3249 mittere,
689 3174 809 3238 exclusi
820 3174 1007 3240 deliberant.
1054 3179 1136 3240 Nam
1150 3175 1335 3261 potissimus
1345 3187 1393 3238 ost
1404 3173 1494 3258 apud

539 3298 620 3352 eam,
660 3276 717 3361 qui
749 3277 921 3340 novissima
965 3277 1076 3341 mittit.
1135 3278 1203 3341 Ubi
1241 3299 1317 3339 vero
1354 3276 1493 3360 priorem

539 3377 730 3452 emunxerit,
753 3377 836 3441 redit
856 3377 948 3454 alter,
971 3377 1165 3464 exclusoque
1184 3380 1300 3463 priore,
1321 3374 1493 3462 delegatei

538 3490 685 3545 moestam
705 3479 824 3544 doloris
839 3479 888 3543 sui
908 3479 1115 3565 provinciam.
1163 3479 1283 3545 Insanit
1299 3500 1375 3564 ergo
1390 3477 1491 3556 miles,

538 3595 570 3645 et
581 3584 613 3645 in
621 3580 867 3665 impetudoloris
877 3580 982 3667 potius
995 3580 1045 3645 vel
1052 3581 1251 3647 moriendum
1262 3604 1328 3645 esse
1340 3581 1493 3659 decernit,

538 3704 636 3767 quam
652 3681 685 3745 iu
708 3705 740 3746 se
762 3682 987 3748 contumeliam
1003 3693 1067 3746 tam
1090 3683 1245 3769 insignem
1261 3682 1405 3770 accipiat.
1429 3683 1493 3746 Fa·

541 3783 660 3848 miliam
675 3797 839 3860 convocat,
855 3784 996 3870 disponit
1008 3784 1145 3863 bellum,
1157 3797 1190 3848 et
1204 3785 1416 3872 prostibulum
1430 3783 1494 3848 col·

541 3883 630 3949 lectis
641 3882 765 3949 viribus
774 3907 960 3970 expugnare
971 3885 1123 3949 decernit.
1158 3884 1495 3968 Progreditur‚mente

539 3995 571 4047 et
584 4004 639 4047 ore
655 3983 790 4048 revolvit
804 3983 962 4068 injuriam.
1009 3984 1172 4068 Loquitur
1185 3982 1330 4066 grandia,
1353 3994 1384 4047 et
1401 3981 1494 4046 minis

538 4085 655 4149 fervet:
680 4085 734 4149 sed
745 4107 847 4172 quum
859 4085 899 4147 ad
910 4085 1092 4149 conflictum
1104 4083 1236 4159 accedit,
1246 4105 1367 4146 memor
1378 4083 1496 4147 amoris

539 4187 676 4270 pristini,
689 4199 883 4274 praeceptum
895 4187 1005 4252 recolit
1018 4186 1164 4262 militare,
1178 4209 1243 4272 quo
1254 4208 1293 4249 ex
1304 4185 1495 4266 auctoritate

538 4289 695 4374 Scipionis
710 4289 824 4376 liquet,
839 4290 917 4376 quia
928 4294 948 4324 “
962 4289 1070 4354 omnia
1085 4289 1176 4374 prius
1197 4287 1327 4352 consilio
1344 4286 1494 4373 experiri,

542 4411 640 4474 quam
652 4390 766 4453 armis’'
779 4391 950 4476 sapientem
964 4391 1066 4456 decet.
1095 4390 1253 4455 Thaidem
1266 4411 1342 4473 ergo
1354 4411 1441 4454 suam
1452 4412 1493 4454 ex

540 4503 635 4576 pacto
657 4490 701 4556 sic
715 4491 874 4569 convenit,
892 4492 968 4578 jure
983 4513 1046 4556 non
1063 4493 1185 4558 viribus
1199 4513 1305 4577 agens.
1351 4492 1495 4558 Primum

990 4601 1045 4658 rt
