4084 5634
545 889 617 934 cre.
633 873 711 947 xta]
896 884 1147 930 notr'cnsrrcns.
1439 868 1502 932 977

545 1044 571 1104 si
587 1044 711 1106 musica
725 1040 855 1118 deforet,
867 1039 929 1102 sibi
942 1038 1106 1100 cumulum
1122 1037 1288 1120 sapientiae
1304 1037 1495 1104 defuturum.

545 1143 586 1206 In
609 1166 646 1206 ea
667 1156 774 1206 tamen
797 1141 931 1203 nimium
953 1139 1115 1221 occupari,
1137 1139 1217 1202 citra
1239 1138 1496 1223 philosophicam

544 1245 728 1324 gravitatem
748 1253 807 1305 est.
853 1239 1010 1323 Nunquid
1035 1240 1119 1302 enirn
1143 1239 1241 1301 virum
1262 1238 1390 1302 decebit
1411 1244 1495 1326 sapi-

544 1356 662 1422 entem,
675 1344 847 1429 praesertim
858 1341 943 1425 quod
956 1341 1051 1403 etiam
1063 1341 1096 1402 in
1112 1362 1192 1403 sexu
1202 1341 1345 1404 muliebri
1359 1345 1495 1427 turpitu-

545 1445 630 1509 dinis
646 1468 709 1508 non
726 1446 836 1525 effugit
850 1441 981 1505 notam?
1014 1443 1098 1504 Nam
1115 1452 1147 1504 et
1162 1442 1330 1506 Sallustius
1346 1444 1495 1530 Sempro·

544 1548 630 1608 niam
646 1543 860 1630 reprehendit,
875 1567 941 1606 non
961 1542 1091 1626 quidem
1107 1543 1195 1626 quod
1217 1545 1342 1615 saltare,
1359 1557 1390 1607 et
1410 1550 1496 1629 psal·

544 1649 622 1722 lere,
637 1648 693 1711 sed
717 1646 802 1730 quod
819 1645 939 1728 optime
956 1645 1075 1706 scierit.
1119 1645 1173 1706 Ait
1195 1644 1291 1722 enim,
1306 1648 1441 1728 psallere
1464 1662 1497 1714 et

544 1750 657 1812 saltare
680 1748 857 1829 elegantius
878 1767 973 1829 quam
987 1765 1120 1808 necesse
1137 1755 1185 1808 est
1205 1746 1324 1828 probae.
1368 1749 1497 1833 Optime

544 1861 651 1914 tamen
669 1863 810 1926 cantare,
826 1849 852 1910 si
869 1851 947 1911 citra
962 1848 1120 1910 levitatem
1146 1857 1251 1929 posset
1265 1849 1386 1927 haberi,
1401 1852 1497 1934 plane

544 1951 757 2014 desiderabile
777 1962 836 2013 est.
880 1951 920 2012 ln
944 1950 1092 2011 omnibus
1107 1948 1191 2011 enim
1215 1971 1287 2032 quae
1311 1949 1499 2034 simpliciter

545 2053 733 2138 expetibilia
746 2064 831 2126 sunt,
843 2073 908 2135 quo
920 2051 1094 2113 intensiora
1106 2059 1178 2113 sunt
1193 2051 1226 2113 in
1243 2052 1395 2135 qualitate
1407 2054 1497 2132 boni,

544 2175 583 2217 eo
598 2155 820 2238 expetibiliora
836 2167 920 2216 sunt.
958 2153 1024 2216 Sed
1040 2174 1082 2215 ex
1097 2151 1254 2238 adjunctis
1270 2167 1404 2237 possunt
1414 2177 1496 2219 non-

544 2256 633 2318 nulla
647 2277 716 2318 esse
731 2265 891 2339 suspecta.
935 2253 1056 2317 Lucius
1072 2253 1163 2336 Sylla
1178 2254 1224 2315 vir
1243 2255 1323 2317 tanti
1346 2258 1496 2337 nominis,

544 2357 663 2440 optime
694 2368 839 2420 cantasse
868 2355 1018 2418 traditurt
1057 2353 1114 2417 sed
1144 2354 1262 2432 dotem,
1287 2355 1433 2420 libidinis
1463 2371 1496 2422 et

543 2458 739 2522 crudelitatis
761 2469 838 2520 nota
859 2457 1054 2539 perstrinxit.
1100 2456 1216 2519 Catoni
1242 2478 1370 2541 quoque
1392 2461 1496 2524 visum

543 2570 593 2620 est
621 2560 703 2620 bene
734 2570 874 2632 cantare,
899 2577 965 2617 non
997 2555 1071 2618 serii
1100 2555 1240 2618 hominis
1270 2576 1350 2619 esse.
1402 2559 1496 2624 Unde

543 2658 691 2720 nimimm
718 2659 867 2719 Marcum
892 2667 1070 2718 senatorem
1096 2676 1161 2718 non
1191 2656 1375 2738 ignobilem,
1402 2658 1496 2722 Ceci-

543 2758 621 2819 lium
651 2759 871 2840 spaciatorem,
896 2768 927 2819 et
958 2755 1192 2818 Fescenninum
1224 2768 1327 2835 vocat,
1356 2779 1495 2843 eumque

544 2859 708 2921 staticulos
723 2856 797 2920 dare
810 2858 860 2920 his
871 2857 976 2920 verbis
992 2857 1055 2920 ait:
1079 2857 1258 2921 Descendit
1269 2858 1309 2921 de
1321 2860 1496 2941 cantherio,

544 2958 619 3022 inde
643 2960 807 3022 staticulos
830 2957 916 3035 dare,
940 2958 1121 3022 ridicularia
1143 2959 1289 3022 sundere·
1333 2961 1379 3024 Et
1400 2964 1495 3029 alibi:

544 3061 701 3124 Praeterea
712 3071 820 3124 cantat
831 3060 887 3122 ubi
898 3061 1056 3137 collibuit,
1067 3060 1226 3124 interdum
1243 3063 1375 3126 Graecos
1387 3086 1496 3131 versus

542 3161 619 3244 agit,
628 3163 723 3247 jocos
735 3162 823 3236 dicit,
836 3185 930 3226 voees
946 3162 1109 3243 denuctat,
1120 3165 1285 3228 staticulos
1297 3165 1359 3230 dat
1398 3168 1496 3232 Porro

543 3265 597 3325 illa
612 3265 757 3347 voluptas
777 3265 898 3328 aurium
921 3276 1012 3346 grata
1027 3276 1076 3328 est
1097 3267 1268 3339 honestati,
1284 3288 1356 3349 quae
1371 3269 1496 3333 virtutis

542 3377 592 3428 est
616 3367 730 3442 amica,
753 3376 808 3428 aut
832 3387 897 3429 non
920 3377 968 3429 est
990 3367 1122 3428 conscia
1147 3367 1364 3450 turpitudinis.
1409 3371 1495 3436 Ocu·

543 3471 645 3531 lorum
662 3490 736 3531 vero
752 3470 896 3553 voluptas
918 3468 1089 3531 histriones
1104 3468 1292 3544 introduxit,
1308 3482 1339 3534 et
1360 3474 1495 3541 mimos:

542 3570 628 3654 qnod
659 3580 690 3632 et
719 3571 831 3652 Scipio
861 3571 1032 3633 Africanos
1061 3571 1264 3646 AEmilianus‚
1290 3573 1322 3636 iu
1352 3576 1495 3641 oratione

542 3684 653 3735 contra
668 3674 771 3752 legem
780 3671 985 3753 judiciariam
997 3672 1118 3734 Tiberii
1134 3673 1284 3748 Gracchi,
1295 3696 1361 3738 non
1373 3679 1499 3742 medio<

540 3775 635 3837 criter
649 3774 863 3857 reprehendit.
910 3776 1079 3838 Ducentur
1100 3774 1277 3857 praestigias
1297 3777 1494 3856 inhonestas,

542 3896 615 3939 cum
646 3875 826 3948 cinaedis,
856 3886 888 3938 et
916 3878 1080 3948 sambuca,
1110 3877 1325 3958 psalterioque
1354 3893 1431 3943 eunt
1459 3883 1493 3945 in

541 3978 650 4041 ludum
661 3977 860 4053 histrionum,
871 3971 1001 4038 discunt
1013 3986 1150 4050 cantare,
1163 3997 1234 4058 quie
1249 3976 1384 4059 majores
1395 3984 1496 4048 nostri
1515 4034 1521 4048 .

540 4078 686 4159 ingenuis
709 4077 827 4161 probro
850 4076 961 4138 ducier
982 4077 1166 4139 voluerunt:
1198 4087 1285 4154 eunt,
1306 4078 1446 4163 inquam,
1462 4085 1496 4147 in

454 4204 457 4211 ·
542 4180 652 4241 ludum
678 4179 872 4242 saltatorium
894 4179 978 4240 iuter
1003 4177 1146 4240 ciuaedos
1169 4177 1318 4258 virgines,
1341 4184 1496 4269 puerique

541 4280 684 4359 ingenui.
733 4281 813 4343 Haec
837 4301 934 4362 quum
957 4280 1037 4341 mihi
1063 4279 1231 4362 quisquam
1252 4284 1409 4356 narrabat,
1431 4308 1496 4352 non

543 4391 687 4463 poteram
711 4381 851 4443 animum
873 4381 1036 4457 inducere,
1055 4403 1094 4444 ea
1115 4382 1234 4444 liberos
1257 4403 1331 4446 suos
1352 4385 1499 4454 homines

540 4481 670 4543 nobiles
683 4480 807 4544 docere.
839 4481 903 4544 Sed
917 4503 1014 4564 qttnm
1029 4483 1143 4546 ductus
1156 4505 1224 4546 snm
1239 4485 1269 4548 iu
1287 4485 1395 4553 ludum
1408 4494 1501 4560 salta
