4084 5634
476 851 547 896 cnr.
563 833 660 912 xvii]
842 850 1098 896 Posrcasrrcus.
1360 826 1424 897 319

476 1001 608 1065 verbosa
631 1006 735 1067 Deum
759 1001 946 1065 timentibus
968 1001 1179 1063 innotescunt.
1226 1001 1294 1063 Fur
1319 1013 1426 1065 sutem

474 1103 545 1188 quis
567 1107 617 1182 sit,
637 1102 758 1188 duplici
779 1101 898 1168 ratione
917 1101 1091 1184 colligitur.
1138 1102 1220 1164 Nanr
1241 1100 1294 1165 ille
1310 1102 1366 1186 qui
1385 1101 1426 1165 de

471 1205 705 1269 conversatione
715 1218 850 1281 terrena,
863 1225 918 1287 per
933 1202 1092 1288 superbire
1104 1202 1231 1281 scalam,
1242 1203 1424 1268 ambitionis

471 1319 504 1369 et
528 1307 677 1369 vitiorum
705 1305 859 1390 gradibus
885 1305 1083 1378 innitentem,
1111 1304 1142 1365 in
1169 1303 1251 1367 ovile
1272 1304 1426 1383 ascendit,

475 1405 603 1469 Christo
617 1418 808 1487 contempto,
825 1404 855 1466 id
873 1416 931 1476 est,
947 1402 1091 1486 neglecta
1106 1415 1192 1466 recta
1208 1403 1258 1466 via
1273 1417 1305 1467 ct
1317 1402 1424 1489 plana,

473 1505 606 1571 sinuosis
628 1505 825 1568 anfractibus
848 1503 1003 1566 liminaria
1025 1502 1168 1579 suffodit,
1191 1516 1248 1567 aut
1270 1505 1425 1588 parietum

469 1607 638 1691 juncturas
660 1606 819 1690 irrumpit,
836 1620 891 1669 aut
914 1627 971 1690 per
987 1604 1113 1688 tegulas
1132 1604 1257 1668 infusus
1271 1604 1427 1684 illabitur,

473 1709 616 1794 proiecto
630 1708 684 1771 fur
698 1721 744 1770 est
761 1720 793 1770 et
804 1706 894 1770 latr0.
941 1704 1007 1778 Qui
1025 1728 1099 1769 vero
1116 1704 1244 1771 Christo
1265 1706 1426 1792 aperiente

472 1810 603 1884 ostium,
618 1809 651 1872 id
667 1821 726 1883 est,
742 1808 871 1872 eeclesia
885 1823 1017 1872 vocante
1032 1806 1222 1891 ingreditur,
1237 1819 1269 1872 et
1285 1823 1425 1893 postmo-

473 1907 550 1971 dum
566 1909 627 1972 sub
650 1909 762 1972 umbra
784 1908 919 1993 pastoris
940 1907 1076 1972 efficitur
1098 1920 1293 1992 persecutor,
1317 1908 1349 1972 id
1365 1924 1425 1982 est,

472 2009 598 2094 spoliat,
614 2022 741 2082 mactat,
758 2009 885 2088 occidit,
901 2023 931 2074 et
949 2009 1066 2095 perdit,
1082 2009 1134 2074 lar
1154 2009 1354 2075 indubitatus
1368 2026 1427 2076 est.

474 2112 529 2173 Tu
546 2111 618 2174 vide
632 2111 665 2174 in
680 2132 746 2196 quo
759 2111 861 2195 gradu
879 2112 1015 2197 ponendi
1033 2110 1212 2191 videantur,
1226 2113 1347 2196 quibus
1363 2134 1425 2176 non

472 2212 586 2277 sufficit
601 2212 699 2276 divini
711 2213 795 2297 juris
810 2212 935 2278 licentia
956 2212 1090 2277 tondere
1104 2226 1136 2276 et
1151 2212 1304 2277 devorare
1319 2237 1427 2298 pecus,

472 2313 530 2377 nisi
546 2312 733 2376 secularium
753 2313 856 2397 legum
881 2314 1052 2401 implorent
1075 2314 1206 2390 auxilia,
1222 2328 1253 2379 et
1278 2316 1426 2380 officiales

472 2415 651 2502 principum
678 2415 766 2491 facti,
789 2438 827 2477 ea
850 2415 1048 2478 committere
1074 2437 1136 2476 non
1161 2429 1324 2492 verentur,
1349 2440 1423 2502 quoe

471 2518 567 2582 facile
590 2518 672 2580 alius
695 2515 830 2601 quilibet
853 2516 1042 2600 publicanus
1065 2515 1240 2579 erubescat.
1292 2519 1423 2581 Interim

471 2618 630 2704 voluptati
646 2617 793 2690 servient,
807 2629 864 2679 aut
878 2617 1039 2681 avaritiae:
1064 2629 1094 2680 et
1112 2616 1166 2701 qui
1183 2638 1236 2679 eos
1247 2616 1425 2701 elegerunt,

471 2721 520 2783 vel
542 2719 740 2783 admiserunt
756 2716 787 2779 iu
803 2716 980 2781 custodiam
1001 2720 1063 2796 sui,
1078 2717 1293 2804 depopulatur
1308 2733 1340 2783 et
1355 2741 1426 2805 pre-

471 2836 576 2901 munt,
604 2832 803 2905 mortemque
831 2841 939 2882 eorum
973 2820 1168 2897 desiderant,
1204 2842 1286 2906 quos
1323 2821 1423 2885 foveri

471 2924 639 3010 oportebat
671 2923 703 2986 in
737 2943 831 2985 carne
865 2934 897 2985 et
926 2924 1054 3006 spiritu.
1123 2922 1250 2986 Tenent
1281 2922 1425 3008 profecto

470 3025 651 3090 memoriter
665 3023 745 3088 illud
756 3022 977 3109 propheticum
993 3045 1001 3084 :
1026 3022 1110 3084 Ecce
1121 3022 1271 3087 constitui
1284 3036 1316 3087 te
1329 3044 1425 3110 super

469 3140 591 3212 gentes,
606 3140 638 3190 et
653 3146 749 3210 super
764 3145 872 3209 regna,
889 3136 925 3187 ut
941 3120 1069 3198 evellas,
1086 3135 1117 3185 et
1132 3122 1289 3200 destruas,
1308 3139 1339 3188 et
1356 3124 1420 3189 dis-

469 3228 597 3313 perdas,
613 3240 644 3291 et
658 3226 803 3311 dissipes,
819 3238 850 3290 et
866 3223 1015 3300 aedifices,
1025 3236 1057 3286 et
1072 3222 1205 3309 plantes.
1252 3226 1332 3301 Qus
1348 3247 1423 3289 vero

470 3328 614 3414 plantata
635 3328 837 3406 invenerunt,
866 3324 1015 3387 nituntur
1037 3323 1182 3399 avellere,
1207 3338 1243 3388 ut
1266 3325 1423 3391 aedificent

470 3429 531 3493 sibi
547 3428 679 3491 domum
694 3425 822 3492 Domini
837 3425 870 3488 in
886 3422 1071 3488 muneribus
1081 3446 1206 3501 manus,
1222 3439 1279 3490 sut
1295 3425 1426 3510 lingua,

469 3542 526 3593 aut
550 3527 706 3612 obsequii,
729 3541 787 3590 aut
811 3549 865 3589 eos
890 3524 1085 3589 substituant
1112 3524 1316 3612 explantatis,
1345 3550 1425 3614 quos

469 3629 566 3716 elegit
580 3629 706 3694 affectio
720 3629 834 3705 camis,
850 3627 881 3692 id
898 3639 958 3705 est,
979 3640 1037 3691 aut
1051 3625 1175 3710 genitos
1190 3649 1209 3690 a
1225 3651 1269 3703 se,
1287 3642 1344 3694 aut
1364 3629 1423 3693 sibi

468 3733 510 3796 sb
525 3732 594 3796 aliis
615 3729 783 3796 carnaliter
806 3729 938 3813 genitos.
985 3732 1182 3793 Immensum
1206 3728 1257 3793 hic
1279 3731 1423 3815 aperitur

469 3853 562 3917 opus,
584 3843 615 3895 et
640 3831 688 3895 ria
710 3828 831 3892 calamo
853 3828 1029 3906 dilatatur3
1052 3828 1107 3890 sed
1131 3827 1268 3892 subsisto
1292 3849 1425 3913 parcens

468 3931 621 4007 articulis,
639 3931 695 4016 qui
711 3930 847 4015 publicis
862 3931 1045 4014 aspectibus
1060 3929 1260 4012 ingeruntur.
1300 3930 1332 3992 Si
1350 3930 1423 4014 quis

473 4048 580 4099 autem
605 4033 656 4095 hic
678 4031 842 4117 quippiam
866 4029 928 4092 dici
951 4029 1065 4092 durius
1094 4028 1318 4105 calumniatur,
1341 4030 1366 4092 si
1388 4052 1426 4093 es

470 4159 545 4220 quae
568 4133 714 4221 patribus
735 4132 923 4206 dictasunt,
941 4130 1065 4215 legerit,
1088 4128 1166 4192 mibi
1189 4127 1279 4193 facile
1302 4129 1423 4193 veniam

469 4234 662 4321 indulgebit.
708 4234 742 4299 Si
764 4232 847 4296 enim
868 4245 1024 4318 tyrannus
1046 4228 1206 4308 secularis,
1223 4231 1298 4316 jure
1314 4231 1424 4295 divino

469 4351 501 4400 et
513 4337 655 4400 humano
664 4336 843 4421 perimitur,
852 4335 925 4418 quis
937 4346 1107 4418 tyrannum
1120 4330 1152 4392 in
1163 4330 1340 4394 sacerdotio
1351 4330 1423 4395 dili-

472 4435 612 4522 gendum
624 4450 762 4513 censeat,
772 4450 828 4500 sut
839 4435 1004 4499 colendum
1018 4437 1032 4496 ?
1055 4429 1149 4508 Quod
1166 4431 1191 4494 si
1200 4431 1285 4496 istud
1298 4431 1423 4496 ridetur
