4084 5634
538 862 610 906 cae.
626 842 688 928 xc]
867 858 1120 907 retroasrvcvs.
1446 846 1487 908 31

538 1015 619 1078 nibil
653 1014 782 1078 omnino
815 1023 937 1078 tentare
973 1015 1058 1094 licet,
1095 1013 1155 1077 nisi
1188 1012 1280 1078 ducis
1310 1014 1406 1098 jussu
1438 1018 1487 1079 vel

539 1117 677 1193 licentia,
700 1116 786 1200 quod
809 1116 877 1199 ipse
899 1116 1081 1180 faciendum
1105 1116 1289 1194 decreverit,
1311 1119 1487 1181 roboretur.

539 1219 635 1282 Unde
657 1220 692 1281 hi
714 1221 912 1303 plerumque,
927 1219 983 1302 qui
1005 1217 1124 1282 ducum
1146 1230 1331 1301 contempto
1351 1221 1399 1282 vel
1422 1241 1487 1282 non

538 1331 711 1403 expectato
746 1321 891 1405 imperio,
920 1321 1160 1404 congredientes
1196 1342 1269 1384 curn
1306 1320 1397 1384 hoste
1429 1322 1489 1385 rei-

538 1425 679 1507 publicae
692 1423 854 1486 victoriam
870 1424 1083 1501 contulerunt,
1094 1444 1179 1506 saepe
1195 1444 1260 1485 non
1275 1435 1340 1486 tam
1356 1425 1488 1505 gloriam

539 1525 701 1606 assequuti
724 1535 799 1588 suut
821 1522 862 1587 de
886 1524 1030 1601 victoria,
1050 1544 1146 1607 quam
1169 1524 1210 1586 de
1232 1525 1418 1601 temeritate,
1440 1526 1490 1588 rel

540 1626 734 1707 negligentia
749 1647 889 1708 poenam.
936 1623 1023 1696 Quid
1038 1644 1116 1704 ergo
1132 1625 1303 1687 merebitur
1318 1625 1489 1708 transfuga,

540 1728 725 1790 stationisve
753 1726 904 1801 desertor,
926 1725 954 1787 si
980 1746 1020 1787 ex
1050 1725 1221 1809 disciplina
1248 1727 1376 1790 militari
1405 1737 1491 1793 tanta

541 1828 706 1891 severitate
722 1827 892 1908 corripitur
905 1824 1133 1909 triumphator?
1160 1830 1199 1890 lu
1214 1830 1490 1912 strategematibus

541 1928 622 1991 Julii
643 1928 801 1990 invenitur
818 1926 1009 1990 Clearchum
1032 1928 1349 1992 Lacedaemouiorum
1373 1928 1491 1992 ducem

543 2028 676 2103 dixisse,
689 2029 906 2113 imperatorem
922 2029 1078 2092 exercitui
1094 2030 1201 2114 potius
1216 2030 1394 2094 timendum
1410 2052 1492 2108 esse,

543 2152 636 2214 quarn
654 2131 786 2207 hostem,
801 2151 840 2191 eo
856 2129 943 2213 quod
958 2131 1012 2214 qui
1031 2131 1062 2192 in
1084 2132 1193 2214 praelio
1209 2130 1338 2194 dubiam
1357 2143 1491 2195 mortem

541 2233 721 2311 timuerant,
736 2253 791 2295 eos
813 2233 948 2294 statione
970 2232 1083 2294 relicta
1106 2243 1226 2295 certum
1250 2233 1399 2322 manebat
1414 2254 1490 2317 sup·

541 2334 682 2418 plicium.
742 2333 780 2395 L.
811 2333 956 2416 Popilius
987 2331 1118 2407 Cursor,
1148 2332 1283 2394 Fabium
1322 2332 1490 2412 Rutilium,

542 2436 724 2517 magistrum
761 2434 916 2518 equitum,
948 2431 1035 2517 quod
1072 2432 1224 2497 adversus
1256 2431 1377 2497 dictum
1410 2435 1492 2518 ojus,

543 2537 687 2621 quamvis
715 2556 878 2619 prospere,
900 2543 1106 2618 pugnaverat,
1130 2534 1226 2612 virgis
1255 2535 1404 2616 poposcit
1430 2556 1492 2596 cae·

542 2659 624 2715 sum,
638 2637 742 2701 securi
755 2656 974 2719 percussurus,
985 2655 1047 2698 nec
1061 2634 1259 2696 contentioni
1274 2644 1329 2696 aut
1343 2635 1494 2716 precibus

545 2739 682 2801 militum
705 2738 866 2799 concessit
888 2735 1208 2811 animadversionem,
1228 2755 1364 2817 eumque
1387 2737 1494 2819 profir-

545 2840 683 2922 gientem
700 2839 836 2900 Romam
852 2847 1060 2919 persequutus
1076 2846 1143 2912 est;
1166 2856 1225 2897 nec
1241 2835 1285 2898 ibi
1301 2836 1429 2918 quidem
1445 2860 1494 2903 re·

543 2941 651 3004 missio
674 2939 763 3022 prius
785 2937 935 3022 supplicii
959 2947 1057 3015 metu,
1073 2958 1169 3021 quam
1185 2936 1226 3000 ad
1247 2958 1352 3018 genua
1366 2938 1445 3024 ejus,
1460 2950 1493 3004 et

543 3042 660 3105 Fabius
683 3061 756 3103 cum
779 3052 868 3122 patre
891 3039 1139 3123 provolveretur,
1162 3050 1194 3101 et
1216 3039 1333 3120 pariter
1354 3040 1492 3106 Senatus

544 3164 581 3206 ac
601 3144 740 3226 populus
763 3155 918 3222 rogarent.
963 3142 1008 3203 Et
1024 3163 1065 3205 ne
1082 3163 1155 3204 eum
1172 3141 1285 3204 credas
1300 3142 1361 3205 hoc
1378 3143 1492 3208 secisse

544 3266 588 3307 ex
609 3242 684 3305 odio
706 3243 908 3325 praecedenti,
929 3243 1085 3316 Manlius,
1105 3244 1158 3304 cui
1183 3243 1359 3323 imperioso
1382 3255 1494 3324 postea

546 3363 726 3423 cognomen
742 3343 809 3419 fuit,
825 3342 938 3417 filium,
953 3341 1040 3424 quod
1061 3342 1089 3403 is
1104 3350 1215 3402 contra
1229 3340 1369 3404 edictum
1386 3345 1495 3426 patris,

546 3465 619 3507 cnm
648 3443 741 3505 hoste
767 3453 972 3523 pugnaverat,
998 3440 1143 3522 quamvis
1173 3440 1332 3515 victorem,
1356 3441 1388 3504 in
1419 3464 1496 3508 cou-

544 3557 656 3628 spectu
671 3543 832 3607 exercitus
848 3542 942 3621 virgis
957 3563 1088 3618 cassum,
1098 3543 1202 3625 securi
1217 3544 1382 3626 percussit.
1419 3548 1494 3612 Fuit

545 3659 650 3710 autem
666 3645 839 3728 disciplina
852 3644 995 3706 militaris
1004 3644 1090 3706 sicut
1104 3645 1289 3727 reipublicae
1301 3650 1493 3728 necessaria,

544 3750 646 3811 itaet
671 3748 819 3809 omnibns
848 3745 997 3827 gratiosa,
1020 3745 1102 3809 adeo
1128 3746 1259 3829 quidem
1287 3758 1324 3809 ut
1349 3750 1493 3815 Manlius

546 3848 641 3925 filius,
664 3868 722 3930 pro
749 3868 782 3909 se
808 3844 958 3908 adversus
983 3859 1104 3927 patrem
1131 3848 1275 3909 exercitu
1301 3846 1493 3915 seditionem

544 3959 687 4031 parante,
708 3945 868 4026 negaverit
895 3944 975 4006 tanti
998 3966 1068 4007 esse
1092 3946 1283 4028 quempiam,
1307 3957 1343 4009 ut
1364 3962 1495 4032 propter

545 4053 636 4115 illum
660 4061 911 4131 corrumperetur
940 4047 1111 4131 disciplina
1133 4049 1266 4126 militiae,
1289 4061 1321 4112 et
1346 4052 1495 4127 obtinuit,

546 4161 582 4217 ut
596 4155 703 4235 ipsum
718 4150 824 4234 puniri
841 4161 1031 4231 paterentur.
1067 4151 1191 4234 Appius
1207 4150 1363 4214 Claudius
1378 4171 1421 4211 ex
1436 4151 1497 4230 his,

548 4251 603 4333 qui
617 4253 690 4314 loco
705 4260 876 4323 cesserant,
893 4249 1053 4312 decimum
1074 4271 1234 4333 quemque
1254 4249 1388 4309 militem
1411 4265 1495 4318 sorte

550 4354 690 4428 ductum,
704 4353 788 4415 firste
802 4352 969 4435 percussit.
1015 4351 1134 4414 Fabius
1154 4349 1294 4411 Rutilius
1315 4353 1437 4430 consul,
1452 4376 1494 4419 ex

550 4452 673 4517 duabus
684 4453 879 4533 legionibus,
894 4474 966 4535 quae
987 4453 1060 4515 loco
1077 4459 1247 4529 cesserant,
1264 4451 1394 4519 vicenos
1413 4470 1497 4520 sorte
