4084 5634
1227 584 1515 729 drumm

544 879 615 925 car.
631 865 696 945 xa]
903 883 1158 928 ronrcnarrcus.
1439 872 1496 933 lul
1556 791 1671 930 sd]

544 1030 606 1094 bus
625 1032 747 1099 accedit
770 1033 938 1098 advitam.
984 1035 1071 1097 Hinc
1091 1050 1138 1099 est
1158 1034 1240 1098 illud
1261 1035 1400 1101 doctoris
1422 1040 1500 1103 doc·

543 1144 649 1199 torum
672 1135 879 1222 Hieronymi:
907 1138 993 1199 Ama
1015 1137 1177 1203 scientiam
1201 1137 1443 1224 scripturarum,
1466 1154 1498 1204 et

544 1235 646 1300 caruis
661 1235 739 1301 vitia
753 1258 817 1300 nou
832 1234 961 1301 amabis.

543 1406 623 1492 Cap.
649 1413 698 1472 11.
732 1410 819 1483 Quid
842 1412 886 1472 sit
912 1430 984 1472 uere
1006 1412 1243 1493 philosophari:
1277 1422 1307 1476 at
1339 1413 1382 1474 ad
1407 1433 1499 1494 quem

617 1514 728 1592 finem
742 1533 864 1575 omnem
879 1514 1121 1594 scripturarum
1138 1523 1250 1596 vergat
1264 1517 1412 1578 intentio.
1541 1411 1569 1650 u

587 1647 663 1709 Hoc
674 1660 781 1709 autem
798 1668 905 1710 revera
918 1644 1134 1731 philosophari
1150 1662 1209 1722 est,
1222 1659 1254 1709 et
1265 1645 1317 1708 hic
1328 1657 1376 1710 est
1390 1647 1500 1712 multae

544 1744 686 1810 lectionis
696 1747 951 1832 jucundissimus
968 1762 1000 1812 et
1015 1747 1241 1812 saluberrimus
1255 1749 1388 1814 fructus.
1426 1750 1502 1835 Ipsa

543 1849 701 1934 siquidem
719 1872 825 1913 rerum
846 1851 987 1913 omnium
1003 1849 1144 1914 continet
1162 1849 1371 1936 disciplinam,
1387 1864 1417 1915 et
1434 1873 1502 1914 om-

544 1950 633 2012 nium
655 1949 862 2028 moderatrix,
879 1951 1033 2015 universis
1054 1951 1201 2015 humanae
1220 1956 1295 2016 ritae
1316 1953 1451 2028 actibus,
1468 1966 1501 2018 et

545 2051 659 2130 verbis,
685 2064 716 2117 et
747 2053 996 2138 cogitationibus
1021 2053 1165 2130 modum,
1191 2068 1223 2119 et
1252 2056 1403 2119 terminos
1431 2055 1501 2140 ipsa

543 2153 717 2219 constituit.
756 2156 815 2218 Est
841 2168 946 2219 tamen
969 2154 1021 2220 cui
1044 2176 1102 2218 nec
1123 2154 1193 2240 ipsa
1216 2157 1303 2221 novit
1329 2157 1499 2222 terminum

542 2255 711 2340 praefinire.
755 2257 818 2320 Est
840 2258 891 2321 cui
911 2259 945 2321 in
967 2279 1007 2321 eo
1021 2256 1199 2344 praescribit
1219 2258 1361 2337 modum,
1377 2273 1414 2324 ut
1437 2283 1499 2324 non

542 2355 656 2423 habeat
683 2358 824 2424 modum.
876 2359 1038 2445 Quicquid
1065 2363 1132 2444 agit
1159 2373 1214 2424 aut
1240 2360 1397 2446 loquitur,
1425 2361 1499 2427 illuc

543 2458 656 2533 tendit,
682 2460 768 2546 quod
799 2460 887 2547 apud
918 2476 1003 2526 recle
1029 2461 1289 2547 philosophantes
1315 2485 1376 2526 nou
1404 2464 1498 2528 habet

543 2563 728 2625 terminum.
766 2564 848 2625 Nam
866 2576 899 2626 et
914 2565 982 2647 ejus
997 2564 1177 2627 substantia
1191 2564 1224 2627 in
1240 2587 1277 2628 eo
1291 2566 1447 2641 consistit,
1463 2579 1498 2629 ut

543 2661 624 2725 illud
640 2684 842 2747 nequaquam
860 2662 1057 2726 terminetur.
1090 2663 1122 2725 si
1135 2663 1218 2726 enim
1235 2663 1408 2727 secundum
1426 2663 1498 2728 Pla-

544 2775 666 2840 tonem,
686 2762 901 2848 Philosophus
924 2763 985 2826 Dei
1008 2776 1131 2826 amator
1153 2776 1213 2840 est,
1261 2763 1315 2827 uid
1340 2763 1426 2828 aliud
1452 2781 1499 2831 est

535 2861 669 2962 philqso
694 2862 748 2926 hia
781 2862 1181 2956 nl5.l„‘lll„l¹llh²lll2„Ql
1249 2887 1286 2928 oc
1316 2849 1501 2952 esThliqu'e

543 2944 880 3052 quodterminaffuon
894 2965 975 3041 vult,
985 2988 1025 3029 ne
1040 2979 1071 3030 et
1086 2967 1166 3053 ipsa,
1177 2967 1264 3055 quod
1278 2991 1339 3033 uon
1355 2969 1499 3056 expedit,

541 3067 680 3133 finiatur.
718 3069 815 3144 Quod
830 3070 913 3134 enim
934 3071 1056 3146 linitur,
1072 3092 1139 3133 esse
1159 3070 1294 3136 desinit:
1322 3074 1392 3137 etsi
1409 3095 1499 3137 amor

544 3171 605 3233 Dei
630 3172 842 3256 extinguitur,
869 3171 1079 3259 philosophiae
1103 3195 1217 3237 nomen
1242 3173 1408 3238 evanescit.
1447 3175 1500 3239 Sic

542 3284 575 3337 et
599 3270 760 3335 incarnata
784 3274 937 3358 sapientia
959 3274 1033 3349 Dei,
1055 3296 1156 3360 quum
1181 3274 1291 3338 multis
1315 3276 1500 3360 praescribat

544 3371 687 3447 modum,
703 3373 808 3435 Deum
832 3375 898 3437 sine
913 3375 1007 3437 modo
1027 3377 1175 3460 praecipit
1196 3376 1412 3459 diligendum:
1441 3377 1502 3449 nisi

542 3471 620 3557 quia
641 3472 766 3537 caritati
792 3473 906 3537 modus
928 3472 980 3536 ille
1003 3473 1233 3559 praescribitur,
1258 3488 1295 3540 ut
1319 3476 1409 3542 Deus
1434 3477 1500 3541 sine

546 3574 681 3639 termino
711 3575 827 3639 amoris
856 3575 1019 3659 diligatur.
1066 3576 1129 3654 Qui
1159 3577 1240 3640 enirn
1272 3578 1336 3643 ait:
1376 3578 1500 3666 Diliges

543 3676 722 3760 proximum
760 3691 851 3741 tuum
883 3678 964 3741 sicut
997 3692 1027 3742 te
1063 3678 1179 3764 ipsum,
1209 3679 1291 3744 idem
1326 3682 1498 3767 praemisit2

544 3777 666 3862 Diliges
687 3778 850 3842 dominum
868 3781 973 3843 Deum
995 3795 1101 3860 tuum,
1116 3804 1155 3844 ex
1175 3783 1353 3847 totocorde
1374 3801 1442 3859 tuo,
1459 3808 1498 3848 ex

543 3891 611 3943 tota
632 3879 738 3943 anima
765 3893 832 3956 tua,
854 3903 893 3943 ex
917 3893 985 3944 tota
1006 3894 1112 3946 mente
1139 3895 1206 3961 tua,
1228 3898 1261 3947 et
1286 3907 1324 3947 ex
1352 3884 1499 3947 omnibus

543 3979 663 4044 viribus
685 3981 760 4047 tuis.
798 3981 888 4045 Idem
913 4005 1043 4068 quoqne
1071 3983 1205 4070 adjecit:
1239 3986 1278 4048 In
1302 3984 1351 4047 his
1372 3982 1498 4047 dnobus

543 4082 712 4163 mandatis,
727 4084 874 4147 universa
891 4083 942 4147 lex
962 4085 1079 4170 pendet
1103 4099 1134 4148 et
1156 4086 1329 4170 prophetae.
1369 4085 1401 4147 Si
1422 4107 1499 4168 ergo

542 4184 648 4247 omnia
663 4208 735 4268 qnae
758 4185 876 4270 scripta
893 4200 967 4251 sunt
986 4186 1150 4271 prophetis
1166 4185 1363 4248 famulantur
1378 4197 1407 4248 et
1425 4185 1498 4269 legi,

544 4284 577 4348 id
592 4301 650 4365 est,
666 4284 691 4348 si
707 4286 808 4350 omnis
823 4286 966 4352 doctrina
982 4288 1058 4352 illuc
1082 4287 1195 4363 tendit,
1215 4298 1248 4348 ut
1266 4286 1359 4347 homo
1375 4287 1497 4372 subjec-

546 4400 598 4450 tus
612 4388 653 4451 sit
666 4387 728 4473 legi
745 4390 818 4470 Dei,
829 4390 902 4475 quis
917 4390 1050 4472 ambigit
1067 4388 1106 4452 ad
1124 4410 1255 4473 regnum
1273 4386 1413 4452 caritatis
1429 4388 1497 4453 uni-

544 4510 631 4552 versa
645 4491 778 4555 referri?
805 4493 869 4567 Qui
891 4515 966 4557 vero
988 4491 1241 4577 philosophando
1256 4493 1418 4562 caritatem
1438 4492 1495 4558 ad-
