4084 5634
545 849 720 930 osr.v1n.]
883 867 1139 915 ronrcnsrrccs.
1399 826 1404 837 ⁸
1435 859 1495 918 107

540 1020 660 1093 nixam,
692 1015 815 1091 dicente
849 1019 1029 1103 Propheta:
1066 1018 1258 1103 Concupivit
1289 1019 1394 1083 anima
1424 1042 1494 1084 mea

539 1119 718 1184 desiderare
733 1119 980 1205 justificationes
1000 1133 1071 1185 tuas
1091 1120 1121 1184 in
1144 1124 1231 1185 omni
1255 1133 1405 1206 tempore.
1453 1123 1492 1185 In

539 1242 605 1305 quo
627 1220 704 1284 mihi
728 1230 791 1283 tres
813 1220 992 1306 praemissos
1016 1220 1146 1286 ordines
1172 1222 1337 1286 manifeste
1365 1222 1493 1287 videtur

538 1321 738 1406 expressisse.
784 1319 894 1395 Quum
914 1321 997 1386 enim
1020 1321 1113 1386 Plato
1132 1323 1303 1409 sapientem
1320 1323 1405 1388 dicat
1425 1347 1493 1390 esse

537 1422 689 1489 cultorem
708 1423 781 1501 Dei,
796 1427 870 1511 quis
891 1425 973 1491 slius
993 1425 1160 1490 habendus
1180 1439 1228 1490 est
1244 1426 1378 1512 sapiens,
1393 1450 1491 1512 quam

538 1524 602 1607 ille,
617 1524 674 1612 qui
689 1540 833 1591 moratur
852 1525 883 1589 in
902 1525 1186 1610 justificationibus
1203 1527 1346 1601 Domini,
1362 1540 1394 1591 et
1410 1529 1490 1593 mul·

537 1639 629 1692 cente
643 1650 676 1691 se
691 1627 882 1692 conscientia
898 1627 1066 1704 bonorum,
1079 1649 1223 1713 operum,
1235 1652 1319 1693 verae
1333 1629 1493 1695 felicitatis

539 1750 694 1813 saporem,
725 1742 793 1794 tots
829 1728 943 1793 mentis
971 1729 1125 1795 aviditate
1150 1730 1217 1816 jam
1249 1740 1423 1816 praegustat
1459 1744 1491 1799 et

537 1828 656 1893 sentit?
681 1827 900 1894 Proculdubio
914 1850 1115 1914 nequaquam
1131 1827 1219 1894 illius
1232 1853 1345 1915 expers
1364 1844 1423 1907 est,
1438 1832 1491 1894 cui

540 1929 651 2012 agnita
659 1929 825 1997 beatitudo
836 1928 1003 2004 dulcescit3
1025 1943 1057 1994 et
1069 1929 1097 1993 ei
1108 1930 1326 2015 expetibilium
1342 1932 1491 1997 cumulus

539 2027 643 2106 sdest,
665 2030 721 2114 qui
744 2030 776 2097 in
800 2029 866 2095 vita
886 2043 1006 2114 gustat,
1027 2044 1060 2096 et
1083 2032 1171 2099 videt
1193 2054 1288 2116 quam
1312 2032 1418 2099 suavis
1443 2046 1491 2098 est

541 2131 708 2199 Dominus.
759 2130 974 2218 Philosophus
996 2146 1113 2209 sutem,
1136 2132 1230 2216 cujus
1255 2135 1391 2199 intentio
1412 2135 1492 2199 diri·

538 2233 628 2318 gitur
647 2232 736 2312 illuc,
758 2243 793 2302 ut
813 2235 926 2320 sapiat,
940 2235 1050 2299 eodem
1072 2248 1202 2300 auctore
1222 2251 1345 2301 amator
1361 2238 1422 2301 Dei
1442 2251 1489 2302 est

537 2346 569 2399 et
585 2335 659 2401 ritis
673 2337 833 2420 subigens,
850 2337 945 2404 rebus
959 2336 1166 2421 agnoscendis
1181 2338 1320 2424 applicat
1337 2339 1489 2415 animum,

538 2449 574 2502 ut
589 2437 640 2502 his
654 2439 771 2521 agnitis
785 2437 826 2504 sd
845 2460 950 2501 veram
966 2437 1197 2504 beatitudinem
1214 2439 1312 2522 possit
1328 2440 1488 2504 accedere.

540 2538 622 2600 Hoec
643 2538 726 2603 enim
748 2537 905 2603 hominem
929 2537 1059 2602 beatum
1082 2538 1215 2612 faciunt,
1236 2539 1262 2602 si
1284 2551 1316 2602 et
1339 2540 1489 2604 vitiorum

539 2636 704 2701 solvantur
719 2637 856 2713 vincula,
872 2651 905 2701 et
920 2638 1010 2722 quasi
1030 2637 1223 2722 quibusdam
1241 2638 1397 2722 gradibus
1416 2660 1490 2703 con-

540 2736 767 2823 templationis,
791 2738 930 2802 lucidum
953 2750 986 2800 et
1011 2737 1241 2803 indeficientem
1267 2738 1387 2804 fontem
1415 2739 1489 2810 boni

538 2839 634 2903 detur
648 2838 793 2904 invisere.
837 2839 920 2903 Nam

643 2963 721 3018 Felix
733 2965 776 3033 qui
789 2964 873 3036 potuit
884 2981 968 3016 rerum
979 2981 1135 3031 cognoscere
1145 2980 1245 3017 causac.

538 3078 595 3155 Et,
610 3090 647 3141 ut
662 3077 707 3140 oit
723 3078 832 3155 Poeta,
845 3075 947 3154 (nobis
961 3074 1044 3139 enim
1062 3075 1276 3164 undecunque
1291 3076 1489 3162 proveniant,

538 3177 662 3261 placent
677 3176 880 3240 incitamenta
893 3176 1063 3258 virtutum)

642 3297 745 3350 Felices
755 3298 859 3359 snimae,
871 3298 966 3366 quibus
976 3298 1026 3349 bas
1037 3315 1190 3362 cognoscere
1202 3301 1321 3369 primurn,

713 3382 796 3454 Inque
808 3384 896 3434 domos
907 3399 1014 3452 superas
1025 3382 1149 3435 scandere
1162 3401 1222 3436 curs
1233 3382 1291 3437 fuit.

642 3465 775 3519 Credibile
787 3472 828 3518 est
839 3465 897 3517 illos
908 3466 1005 3537 puriter
1016 3465 1136 3533 vitiisque
1144 3467 1261 3537 jocisque

710 3551 800 3608 Altius
810 3553 931 3606 humanis
943 3551 1076 3605 exeruisse
1087 3557 1173 3621 capot.

642 3637 704 3690 Non
716 3638 808 3691 Venus
820 3644 847 3690 et
857 3639 945 3691 vinum
956 3635 1076 3690 sublimia
1087 3643 1192 3708 pectors
1202 3636 1290 3707 fregit,

711 3723 887 3795 Officiumqne
897 3723 955 3788 fori,
966 3722 1097 3775 militiaeve
1108 3721 1189 3775 labor.

640 3810 702 3864 Non
713 3809 778 3862 levis
789 3810 906 3872 ambitio,
918 3807 1071 3881 perfusaque
1083 3806 1166 3876 gloria
1175 3807 1243 3872 fuco,

710 3894 917 3964 Magnanrmque
928 3893 1011 3946 fames
1024 3892 1170 3945 sollicitavit
1181 3911 1266 3964 opum.

640 3980 788 4032 Admovere
800 3978 880 4032 oculis
890 3979 1015 4030 distantis
1026 3979 1111 4032 sidera
1122 3980 1225 4042 nostris,

713 4065 874 4133 AEthcraque
886 4064 991 4130 ingenio
1003 4080 1159 4133 supposuere
1171 4079 1225 4116 suo.

642 4150 685 4207 Sic
697 4150 793 4218 petitur
804 4147 907 4210 coelum,
919 4165 971 4201 non
982 4154 1012 4201 ut
1022 4146 1090 4200 ferat
1102 4147 1187 4198 Ossan
1201 4146 1338 4218 Olympus,

712 4234 869 4302 Summaque
883 4232 1002 4285 Peliacus
1015 4232 1100 4284 sidera
1110 4237 1202 4296 tangat
1214 4248 1292 4301 apex.

539 4344 671 4409 Nullum
685 4357 789 4409 tamen
805 4343 941 4409 officium
955 4357 1003 4407 est
1016 4342 1137 4406 militiae
1149 4353 1204 4403 crit
1216 4340 1313 4419 domi3
1324 4343 1409 4427 quod
1424 4366 1485 4412 non

538 4441 743 4530 Philosophia
754 4457 937 4530 pertractet,
948 4442 1067 4528 quippe
1079 4462 1154 4528 quae
1166 4439 1231 4504 sola
1243 4441 1383 4509 excludit
1397 4444 1486 4525 vitia,
