4084 5634
546 817 618 864 car.
634 800 704 882 θα]
727 767 730 773 ’
895 815 1152 864 marcuarrcus.
1458 806 1500 864 79

547 971 663 1055 aliquis
696 970 857 1049 restiterit,
884 970 979 1055 cujus
1014 971 1129 1035 oculos
1164 990 1230 1032 non
1264 969 1429 1033 obducunt
1458 969 1501 1032 ad

547 1072 702 1148 tenebras,
725 1073 894 1155 reprobato
920 1073 992 1137 oleo
1015 1071 1207 1157 peccatoris.
1252 1068 1348 1144 Quod
1373 1070 1402 1134 si
1429 1071 1501 1154 quis

546 1174 700 1256 effugerit,
728 1195 794 1237 non
825 1183 889 1239 tarn
920 1173 1114 1251 Gnathonis,
1143 1194 1240 1257 quam
1273 1172 1501 1256 principalium

546 1275 683 1338 virorum
716 1287 866 1340 censetur
896 1274 1009 1338 hostis.
1053 1276 1168 1339 Valeat
1199 1295 1275 1356 ergo
1308 1274 1398 1338 curia
1427 1293 1502 1337 cum

545 1376 761 1441 tolerabilibus
775 1376 881 1458 nugis,
898 1375 976 1439 dum
991 1376 1268 1440 Gnathonicorum
1287 1373 1384 1438 factio
1406 1375 1503 1438 abest

546 1498 672 1561 semper
696 1478 731 1540 in
758 1479 875 1542 malam
901 1499 980 1556 rem,
1006 1487 1039 1540 et
1067 1476 1147 1542 fiant
1175 1496 1302 1557 semper
1329 1475 1502 1540 novissima

546 1578 631 1642 illius
662 1577 820 1642 deteriora
849 1578 1018 1661 prioribus.
1067 1578 1210 1641 Caeteros
1240 1575 1309 1640 dies
1341 1596 1419 1640 suus
1446 1597 1503 1640 ex·

550 1688 670 1762 pectet,
685 1688 718 1742 et
734 1679 847 1757 otium,
861 1679 921 1744 etsi
942 1678 1123 1743 int'oecundi
1143 1677 1282 1761 pectoris
1298 1676 1456 1758 angustia,
1472 1686 1505 1740 et

547 1781 611 1843 oris
632 1779 771 1863 ,ariditas
793 1778 962 1842 infacundi
988 1800 1054 1842 non
1078 1779 1196 1842 habeat
1218 1798 1318 1861 penes
1344 1799 1389 1855 se,
1415 1776 1504 1860 quod

547 1881 650 1964 possit
664 1881 816 1945 omnibus
831 1877 995 1965 impartiri.
1042 1881 1092 1945 Tu
1108 1881 1239 1965 quando
1254 1879 1453 1955 ambitiosos,
1469 1889 1502 1942 et

549 1979 687 2056 invidos,
717 1992 923 2065 ceterosque,
952 1980 1039 2045 domi
1068 1992 1185 2045 nostrae
1214 1981 1362 2057 latentes,
1394 1979 1503 2062 egredi

550 2081 639 2160 velis,
653 2081 681 2144 si
695 2092 802 2146 tamen
818 2082 973 2165 praemissi
991 2083 1094 2146 libelli
1116 2081 1303 2167 placuerint,
1318 2080 1504 2166 expectanti

550 2180 718 2261 denuncia,
734 2192 767 2246 et
787 2183 821 2246 in
841 2183 949 2247 verbis
964 2184 1027 2248 tuis
1048 2185 1228 2249 calcaribus
1250 2184 1456 2265 urgebuntur,
1470 2192 1506 2246 ut

547 2282 581 2345 in
596 2283 761 2367 publicum
776 2282 943 2367 prodeant.
981 2285 1058 2348 Non
1069 2284 1156 2348 enim
1171 2303 1285 2347 omnes
1299 2281 1506 2364 aggrediendi

549 2393 623 2446 sunt
651 2384 780 2467 pariter,
810 2405 871 2448 nec
901 2394 1012 2469 posset
1041 2393 1208 2448 consertus
1240 2403 1351 2447 eornm
1381 2403 1504 2447 cuneus

550 2483 644 2548 facile
659 2485 850 2569 expugnari,
866 2508 966 2571 quum
981 2507 1042 2550 nec
1068 2487 1147 2570 ipsae
1167 2486 1316 2549 cohortes
1336 2485 1448 2547 leviter
1470 2483 1506 2545 in

552 2604 719 2650 numerum
735 2586 863 2650 cadunt.

657 2713 719 2765 Non
730 2713 795 2766 mibi
805 2716 828 2766 si
839 2720 943 2767 centnm
952 2713 1053 2782 lingum
1063 2714 1126 2777 sint,
1139 2729 1233 2782 oraque
1246 2716 1360 2776 centum,

656 2799 754 2851 Omnia
765 2816 892 2868 nugarum
903 2817 1051 2873 percurrere
1063 2799 1168 2852 nomina
1180 2814 1293 2870 possem.

823 3251 965 3316 LIBER
988 3248 1231 3314 SEPTIMUS.

946 3429 1127 3476 PROLOGUS.

598 3526 773 3588 Eunsssus
802 3524 876 3587 aula
901 3522 1081 3600 curialium,
1107 3519 1319 3586 declinassem
1350 3528 1510 3592 consortia

555 3636 756 3711 nugatorum,
781 3626 844 3689 nisi
873 3624 982 3690 mein
1008 3623 1082 3707 ipso
1106 3622 1215 3686 limine
1242 3625 1423 3705 abeuntem,
1446 3639 1510 3691 tum

556 3727 781 3813 preceptionis
796 3727 985 3791 detinuisset
999 3726 1181 3790 auctoritas.
1227 3727 1510 3819 Qillffldlbl
1543 3811 1553 3817 ,-

556 3830 662 3894 cordis
685 3830 753 3915 meti¹
766 3830 933 3915 Fssgusilffl.
953 3827 1276 3913 denudurmetde
1298 3831 1449 3913 temporis
1472 3814 1523 3895 ac·
1554 3816 1564 3825 ⁹

534 3903 793 4015 ’“ἶ’ἷίἶέ’’ᾸῖιῖὶῖιτιιΙΙ
813 3950 1036 4014 conquererer,
1063 3929 1172 3992 omnia
1197 3950 1259 4008 me,
1284 3930 1391 4014 quoad
1420 3931 1511 3993 Dens

558 4029 646 4094 aliud
659 4030 826 4104 revelaret,
838 4040 1020 4111 statumque
1033 4048 1138 4090 meum
1150 4027 1332 4091 reformaret
1342 4027 1376 4090 in
1388 4028 1513 4104 melius,

559 4130 631 4193 sorti
661 4129 768 4192 animo
797 4129 936 4211 perferre
970 4128 1161 4212 precepisti,
1192 4126 1330 4190 suadens
1361 4137 1396 4189 ut
1425 4145 1511 4190 more

558 4230 843 4314 laborantium,qui
854 4229 1025 4294 cantilenis
1036 4241 1192 4293 etvocum
1203 4225 1384 4296 dulcedine,
1394 4226 1513 4292 laboris

561 4331 657 4395 taedia
684 4333 873 4415 propulsant
895 4343 949 4395 aut
974 4332 1134 4403 minuunt,
1161 4348 1265 4390 rerum
1294 4328 1512 4413 temporisque

563 4432 733 4516 dispendia
755 4452 1008 4516 compensarem.
1055 4432 1139 4493 Nam
1163 4438 1196 4491 et
1217 4426 1441 4495 itinerantibus
1464 4435 1514 4494 via
