4084 5634
559 832 623 890 810
815 844 951 891 scaurus
966 841 1245 890 ssuusnsnrsnsrs
1342 822 1423 901 [ms.
1438 839 1510 897 ιιιιι.Ι

559 993 705 1081 AEgypti,
719 993 921 1059 immunditia
936 1007 966 1058 et
979 992 1166 1057 crudelitate
1181 991 1323 1076 insignis,
1339 989 1396 1076 qui
1412 991 1508 1053 Pom-

558 1096 663 1182 peium
679 1096 766 1161 letho
779 1096 930 1160 damnare
951 1118 1060 1171 ausus,
1075 1109 1132 1161 aut
1149 1093 1257 1179 potius
1276 1114 1379 1157 mores
1399 1103 1507 1179 tyran·

557 1222 666 1282 norum
682 1214 773 1266 sueta
787 1198 1034 1286 praesumptione
1048 1198 1241 1285 exprimens,
1256 1197 1311 1272 ait,

664 1335 712 1387 Jus
723 1340 751 1386 et
762 1333 802 1386 fas
814 1331 908 1385 multos
919 1331 1026 1395 faciunt,
1039 1331 1190 1396 Ptolemtee,
1202 1335 1332 1382 nocentes.

663 1421 719 1472 Dat
729 1436 821 1491 peenas
831 1418 938 1471 laudata
949 1417 1027 1480 fides,
1039 1434 1117 1486 quum
1129 1418 1250 1479 sustinet,
1261 1416 1354 1485 inquit,

662 1505 736 1569 Quos
747 1503 849 1561 fortune
860 1505 970 1576 premit:
988 1501 1050 1555 setis
1062 1503 1166 1566 accede,
1179 1502 1297 1570 deisque,

660 1591 697 1644 Et
707 1590 763 1644 cole
774 1589 873 1655 felices,
884 1590 993 1647 miseros
1002 1588 1082 1655 fuge:
1100 1588 1186 1641 sidera
1197 1593 1266 1654 terrq

660 1678 700 1730 Ut
711 1677 817 1739 distant,
828 1682 858 1728 ut
869 1675 975 1728 flamma
986 1676 1061 1738 mari,
1072 1675 1111 1727 sic
1122 1673 1186 1727 utile
1198 1679 1276 1726 recto.

659 1764 824 1834 Sceptrorum
835 1762 875 1814 ris
886 1767 942 1814 tota
953 1761 1028 1832 perit,
1040 1761 1062 1812 si
1073 1760 1186 1832 pendere
1194 1760 1267 1831 justa

658 1847 768 1920 Incipit:
787 1848 931 1916 evertitque
942 1847 1010 1900 acics
1021 1852 1154 1917 respectus
1165 1845 1276 1897 honesti.

659 1932 781 1985 Libertas
791 1931 918 1984 scelerum
931 1937 981 1994 est,
993 1948 1051 1999 qure
1063 1948 1145 1998 regna
1155 1930 1239 1982 inrisa
1250 1934 1347 1998 tuetur,

658 2017 831 2085 Sublatusque
843 2017 935 2071 modus
946 2017 1043 2084 glmlii3
1069 2014 1154 2069 facere
1166 2015 1252 2067 omnis
1263 2030 1334 2068 saeve

657 2102 718 2153 Non
731 2104 837 2174 impune
848 2101 917 2166 licet,
930 2103 980 2154 nisi
992 2120 1071 2171 quum
1082 2099 1157 2165 sacis,
1168 2105 1247 2154 exeat
1257 2099 1318 2153 aula

656 2186 710 2248 Qui
722 2187 792 2238 volet
803 2203 860 2238 esse
872 2188 946 2255 pius:
965 2187 1047 2245 virtus
1058 2192 1085 2238 et
1096 2203 1197 2238 summa
1208 2190 1324 2256 potestas

656 2270 718 2323 Non
729 2277 831 2337 coeunt,
842 2289 945 2343 semper
954 2278 1063 2337 metuet,
1075 2290 1153 2342 quem
1164 2288 1233 2325 seara
1243 2271 1384 2343 pudebunt.

549 2395 639 2476 Ergo
648 2403 808 2478 respectus
817 2391 938 2456 honesti
949 2406 980 2455 et
985 2391 1246 2478 justi,minim,us,
1255 2404 1312 2456 aut
1321 2390 1427 2455 nullus
1437 2404 1501 2471 est,

548 2496 581 2558 in
593 2493 673 2557 facie
686 2507 906 2579 tyrannorum,
917 2506 949 2558 et
962 2493 1027 2557 sive
1042 2492 1254 2569 ecclesiastici,
1264 2495 1330 2557 sive
1345 2491 1500 2556 mundani

979 2561 1492 2592 φημ’-ν’·-

549 2596 622 2674 sint,
644 2595 750 2658 omnia
772 2617 863 2680 posse
886 2593 1009 2673 volunt,
1025 2608 1261 2660 contemnentes
1283 2593 1362 2681 quid
1384 2607 1498 2680 poten·

533 2679 810 2765 &antecedat
832 2699 913 2760 hanc
933 2709 990 2761 aut
1012 2711 1173 2782 sequatur.
1213 2696 1369 2781 Utrisque
1391 2709 1497 2760 tamen

547 2798 606 2862 hoc
636 2797 819 2884 persuaderi
850 2798 974 2878 vellem,
1003 2797 1148 2860 divinum
1171 2796 1312 2860 nondum
1334 2798 1498 2882 expirasse

540 2899 712 2985 judicium,
728 2901 814 2985 quod
829 2899 1025 2984 primigenis,
1040 2913 1072 2963 et
1088 2900 1197 2963 semini
1212 2921 1322 2962 eorum
1337 2897 1496 2962 inflictum

544 3013 607 3081 est:
632 3000 817 3084 quod,quia
826 2999 997 3069 noluerunt
1007 3023 1107 3086 quum
1122 3012 1259 3088 possent,
1267 2999 1424 3065 inflictum
1434 3012 1496 3079 est,¹

544 3124 584 3166 ne
606 3099 726 3187 possint
744 3099 838 3164 etiam
857 3101 995 3187 justitiae
1010 3102 1230 3188 obtemperare
1252 3124 1354 3188 quum
1370 3100 1495 3165 volunt.

545 3203 627 3267 Nam
643 3215 675 3267 et
690 3201 860 3289 proverbio
872 3200 934 3266 dici
946 3201 1047 3266 solet:
1072 3206 1156 3277 Quia
1166 3204 1222 3290 qui
1236 3228 1297 3269 non
1309 3207 1377 3269 vult
1393 3226 1495 3291 quum

543 3317 663 3389 potest,
678 3326 741 3367 non
758 3301 871 3390 utiquc
887 3302 1004 3390 poterit
1019 3326 1120 3392 quum
1137 3306 1232 3372 rolet.
1280 3305 1390 3392 Hujus
1404 3304 1495 3370 verbi

543 3405 640 3486 ctiam
654 3427 789 3490 magnus
812 3405 949 3470 Basilius
963 3419 1075 3470 auctor
1096 3420 1155 3472 est.
1201 3400 1348 3494 Rogatus
1368 3410 1454 3491 enim
1474 3429 1496 3469 a

542 3502 737 3577 muliercula,
762 3518 798 3572 ut
820 3527 879 3589 pro
894 3528 930 3568 ea
953 3507 1088 3591 principi
1110 3505 1329 3586 intercederet,
1350 3507 1493 3577 chartam

540 3603 610 3686 ejus
632 3601 789 3686 accipiens
811 3603 855 3665 sic
878 3605 1001 3689 scripsit
1025 3605 1182 3690 principi:
1209 3607 1410 3694 Paupercula
1424 3607 1493 3672 haec

541 3699 670 3766 accessit
692 3700 733 3784 ad
757 3721 818 3777 me,
840 3699 957 3780 dicens,
981 3724 1071 3785 posse
1093 3725 1143 3766 me
1165 3706 1252 3790 apud
1272 3721 1312 3770 te.
1360 3710 1392 3772 Si
1415 3729 1495 3792 ergo

541 3824 681 3891 possum,
704 3798 846 3865 ostende.
891 3801 937 3878 Et
958 3800 1047 3866 dedit
1071 3801 1195 3866 mulieri
1219 3804 1371 3875 chartam.
1410 3812 1491 3885 Quae

541 3905 648 3969 abiens
685 3901 774 3967 dedit
811 3901 977 3987 epistolam
1013 3901 1168 3989 principi3
1216 3903 1386 3992 legensque
1422 3930 1492 3970 eam

540 4006 701 4092 princeps,
717 4002 877 4088 rescripsit
894 4002 981 4068 lroec:
1007 4004 1143 4089 Propter
1155 4028 1221 4083 vos,
1235 4029 1255 4069 o
1267 4018 1357 4090 pater
1373 4022 1491 4086 sancte,

538 4106 623 4170 volui
640 4104 779 4168 misereri
796 4102 1005 4180 mulierculas,
1021 4104 1076 4193 sed
1093 4127 1153 4167 non
1165 4109 1269 4189 potui,
1286 4128 1343 4190 pro
1355 4107 1491 4192 eoquod

539 4206 666 4274 tributis
681 4206 836 4293 subjacet.
860 4207 995 4270 Sanctus
1005 4229 1078 4267 vero
1090 4206 1249 4292 rescripsit
1261 4209 1305 4272 ei:
1324 4209 1489 4296 Siquidem

538 4311 643 4371 rolens
666 4329 726 4371 non
744 4306 887 4390 potuisti,
903 4306 982 4368 beno
1006 4319 1169 4389 utcunque
1193 4330 1225 4370 sc
1248 4331 1298 4373 res
1318 4310 1435 4375 lrabet:
1464 4313 1489 4374 si

537 4424 642 4473 nutent
666 4421 777 4491 potens
793 4407 932 4486 noluisti,
955 4407 1051 4472 ‹lucct
1076 4423 1107 4472 te
1124 4407 1271 4495 Christus
1286 4411 1326 4475 atl
1350 4412 1491 4498 indigen-
