4084 5634
544 832 616 877 cae.
630 815 742 896 xxiia]
890 832 1144 881 mnrcsariens.
1453 821 1494 878 57

546 994 605 1063 est,
626 986 690 1070 qui,
714 987 858 1071 quamvis
879 1007 922 1050 ex
943 986 1073 1071 pietatis
1100 986 1208 1051 officio
1231 998 1267 1051 ut
1287 987 1407 1070 hospes
1429 1007 1496 1050 non

545 1087 644 1151 fuerat
658 1086 891 1164 excludendus,
906 1086 1120 1171 opportunius
1135 1098 1241 1151 tamen
1255 1088 1358 1152 fuerat
1372 1108 1445 1151 eum
1461 1096 1497 1151 ut

546 1185 715 1268 advenam,
729 1207 796 1250 non
812 1187 904 1271 quasi
913 1185 1061 1270 judicem
1074 1186 1215 1251 introire.

543 1506 624 1590 Cap.
643 1511 694 1570 23.
720 1506 901 1570 Iaevimtem
925 1508 1009 1569 sicut
1035 1507 1198 1590 loquendi,
1217 1509 1269 1570 itu
1289 1515 1321 1569 et
1341 1505 1499 1570 audiendi

585 1608 777 1671 vitandam:
813 1615 845 1670 et
867 1607 955 1691 quod
973 1609 1064 1689 fim's
1086 1608 1276 1691 voluptatis,
1300 1608 1500 1688 poena'tentiu

588 1717 645 1771 est.

587 1861 718 1941 Ouum,
739 1860 856 1945 inquit,
878 1861 930 1924 fac
953 1882 1026 1925 cum
1054 1860 1202 1941 consilio,
1224 1871 1256 1926 et
1282 1871 1358 1945 post
1379 1861 1498 1924 factum

545 1981 611 2023 non
626 1963 810 2046 poenitebis.
853 1962 1010 2027 Praeterea
1024 1963 1109 2027 sicut
1128 1962 1306 2048 principem
1326 1962 1411 2026 levia
1424 1983 1497 2047 pro·

544 2064 623 2125 ferre
639 2084 705 2126 non
721 2062 824 2143 decet,
838 2065 884 2130 sic
901 2087 961 2129 uec
978 2064 1106 2129 facilem
1123 2064 1253 2149 quidem
1271 2085 1341 2128 esse
1357 2063 1399 2128 ad
1412 2064 1497 2128 levia

543 2164 714 2229 audienda.
770 2165 825 2229 Ait
852 2166 937 2230 enim
967 2166 1145 2250 sapientia:
1184 2166 1341 2250 Princeps
1371 2167 1428 2250 qui
1456 2167 1495 2230 li·

542 2267 653 2331 benter
670 2266 759 2331 audit
780 2269 875 2332 verba
893 2268 1067 2347 mendacii,
1081 2290 1194 2333 omnes
1211 2268 1374 2332 ministros
1396 2268 1496 2332 habet

542 2369 670 2453 impios.
731 2369 1056 2435 confabulationibus
1093 2382 1125 2436 et
1161 2369 1317 2435 conviviis
1347 2391 1381 2434 se
1419 2371 1493 2434 totis

543 2468 660 2535 viribus
689 2472 847 2536 immiscet
875 2474 996 2550 Venus,
1026 2472 1118 2557 cujus
1148 2472 1203 2555 qui
1232 2472 1335 2556 prima
1363 2470 1496 2534 missilia

543 2569 679 2636 libenter
707 2572 857 2651 admittit,
878 2574 956 2659 quin
979 2572 1210 2655 posterioribus
1239 2572 1367 2653 marius
1388 2572 1496 2634 vulne-

543 2682 639 2749 retur,
653 2673 709 2736 vix
723 2673 839 2736 evadit.

646 2794 738 2859 Visus,
750 2801 778 2847 et
788 2794 937 2864 alloquium,
949 2801 1092 2861 contaetus,
1104 2799 1132 2848 et
1143 2792 1239 2860 oscula,
1250 2792 1354 2857 factuam

543 2909 626 2972 sicut
644 2931 678 2973 se
697 2909 885 2995 praecedunt
902 2909 1024 2989 ordine,
1040 2911 1085 2975 ita
1107 2920 1141 2974 et
1162 2931 1204 2974 ex
1225 2910 1416 2975 necessitate
1433 2908 1491 2973 do·

541 3010 616 3074 loris
644 3012 784 3077 inferunt
813 3024 947 3097 partum·
1002 3012 1184 3095 Voluptatis
1214 3009 1374 3096 siquidem
1404 3012 1490 3090 finis,

541 3113 730 3194 poeuitentia
747 3126 804 3178 est
849 3114 884 3179 Si
898 3113 977 3177 mihi
999 3135 1065 3178 non
1080 3113 1197 3191 credis,
1212 3114 1260 3177 vel
1276 3112 1491 3177 Demostheni

542 3213 648 3293 crede,
661 3216 718 3297 qui
733 3216 810 3279 satis
824 3216 943 3278 urbane
958 3215 1020 3278 hoc
1040 3215 1131 3278 Laidi
1146 3214 1262 3277 dicitur
1274 3213 1489 3297 respondisse.

544 3315 626 3377 Haec
647 3326 752 3378 autem
775 3316 852 3379 Lais
871 3315 1041 3381 Corinthia
1063 3316 1106 3378 ob
1130 3313 1321 3395 elegantiam
1343 3322 1490 3376 venusta·

542 3424 669 3500 temque
685 3416 793 3479 forms·
813 3414 966 3497 grandem
980 3415 1150 3499 pecuniam
1165 3414 1357 3478 demerebat.
1402 3412 1490 3477 Con·

542 3530 719 3602 ventusque
731 3518 773 3582 ad
788 3539 857 3582 eam
873 3516 1016 3585 dirorum
1031 3517 1195 3581 hominum
1210 3537 1251 3581 ex
1267 3517 1353 3580 omni
1363 3516 1490 3581 Graecia

540 3620 680 3683 celebres
702 3631 801 3699 erant,
822 3641 883 3684 nec
906 3618 1105 3698 admittebat,
1125 3619 1188 3683 nisi
1210 3618 1265 3703 qui
1287 3618 1394 3696 dabat,
1416 3640 1489 3704 quae

541 3723 742 3804 poscebatur.
786 3722 943 3786 Poscebat
962 3731 1067 3786 autem
1082 3722 1138 3785 illa
1163 3721 1294 3785 nimium
1321 3732 1487 3804 quantum.

542 3823 630 3885 Hinc
660 3835 770 3886 natum
799 3835 849 3887 est
883 3823 1034 3906 frequens
1062 3823 1145 3887 illud
1173 3822 1373 3907 proverbium
1403 3821 1489 3907 apud

541 3923 691 3987 Graecos:
729 3923 855 3986 Frustra
870 3923 943 4006 quis
958 3922 1147 3988 Corinthum
1168 3921 1270 3987 tendit
1285 3921 1326 3985 ad
1341 3920 1488 3998 Laidem,
1578 3990 1586 4004 ‚

541 4026 603 4088 nisi
626 4035 733 4110 queat,
757 4035 812 4088 aut
833 4025 909 4088 velit
931 4024 1017 4103 dare,
1040 4046 1112 4109 quae
1134 4025 1286 4108 poscitur.
1331 4022 1383 4086 Ad
1402 4023 1488 4085 hanc

541 4126 595 4188 illc
625 4125 860 4190 Demosthenes
889 4125 1035 4189 clanculo
1065 4124 1142 4203 adit,
1165 4135 1198 4188 ct
1225 4134 1262 4187 ut
1285 4121 1409 4204 copiam
1439 4121 1488 4182 sui

540 4227 667 4304 faceret,
682 4227 769 4311 petit.
813 4227 857 4290 At
870 4226 947 4290 Lais
968 4226 1030 4290 hoc
1053 4236 1209 4308 quantum
1228 4219 1387 4305 poposcit,
1401 4219 1487 4303 quod

539 4329 685 4392 nostratis
699 4327 819 4391 nummi
841 4326 1005 4391 denarium
1029 4325 1124 4389 saciat
1144 4321 1252 4384 decies
1269 4318 1367 4397 mille,
1383 4339 1486 4404 aequa·

540 4441 653 4512 turque
690 4428 852 4493 medietati
893 4428 1004 4492 talenti
1041 4422 1182 4506 majoris,
1219 4418 1305 4504 quod
1340 4422 1487 4486 nostratis
