4084 5634
620 833 663 890 90
871 847 1006 893 sossius
1021 847 1299 895 sansanaamusrs
1417 830 1499 910 [me.
1514 848 1571 894 vu.

621 1018 720 1081 quum
740 996 889 1063 discendi
910 998 1061 1064 ariditate
1082 1001 1224 1081 gnaviter
1245 1021 1418 1063 accensum
1440 998 1571 1065 vidisset

618 1098 794 1172 bominem,
820 1100 936 1164 librum
963 1100 1108 1182 Epicteti
1134 1100 1236 1164 Stoici
1262 1100 1303 1164 de
1329 1101 1468 1166 mantica
1496 1123 1569 1184 pro·

617 1197 700 1274 tulit,
730 1198 764 1261 in
793 1220 859 1283 quo
897 1199 1015 1282 scripta
1051 1211 1140 1264 eraut
1169 1221 1219 1277 ea,
1247 1222 1320 1284 qnae
1353 1202 1570 1281 congruebant

588 1313 601 1337 ·
618 1298 756 1362 decretis
782 1300 925 1364 Zenonis
950 1312 981 1363 et
1004 1301 1190 1384 Chrysippi,
1213 1303 1269 1385 qui
1295 1301 1445 1366 dicuntur
1470 1301 1568 1364 fuisse

616 1400 780 1483 principes
795 1401 985 1466 Stoicorum.
1025 1404 1133 1474 Quum
1148 1424 1225 1483 ergo
1239 1403 1356 1466 librum
1372 1402 1405 1464 in
1421 1403 1568 1466 manibus

616 1503 717 1566 Aulus
731 1504 858 1568 Gellius
872 1505 1036 1584 tenuisset,
1050 1505 1171 1570 invenit
1186 1503 1303 1570 Stoicis
1316 1505 1486 1588 placuisse,
1502 1526 1567 1566 nou

616 1624 687 1668 esse
708 1604 742 1668 in
764 1616 922 1688 potestate
948 1607 1100 1684 hominis,
1121 1619 1156 1670 ut
1181 1607 1259 1680 visa,
1282 1628 1354 1690 quae
1379 1607 1567 1688 phantasias

618 1708 792 1790 appellant,
805 1708 840 1770 in
861 1708 1004 1772 animum
1019 1708 1159 1785 veniant,
1175 1719 1230 1774 aut
1243 1706 1407 1785 recedant,
1421 1718 1454 1771 et
1468 1729 1566 1791 quum

616 1808 762 1870 venerint
785 1830 827 1872 ex
854 1810 1051 1874 terribilibus
1076 1811 1181 1888 rebus,
1204 1823 1260 1877 aut
1285 1819 1408 1888 contra,
1432 1831 1565 1873 necesse

614 1919 761 1972 asserunt
773 1911 893 1974 moveri
907 1911 1051 1976 animum
1065 1912 1161 1975 etiam
1176 1911 1341 1994 sapientis,
1355 1922 1391 1974 ut
1405 1912 1567 1993 paulisper

615 2018 703 2071 metu
723 2009 871 2092 trepidet,
892 2009 1019 2098 tristitia
1041 2012 1254 2088 contrahatur,
1275 2010 1424 2075 dilatetur
1444 2011 1566 2087 laetitia,

615 2109 847 2193 cupiditatibus
879 2125 1053 2190 moveatur,
1083 2125 1246 2196 tamquam
1275 2113 1326 2174 his
1359 2111 1566 2194 passionibus

613 2211 881 2293 praevenieutibus
895 2213 1027 2277 rationis
1041 2224 1073 2276 et
1086 2212 1204 2275 mentia
1218 2211 1369 2288 officium,
1382 2228 1441 2271 nec
1459 2219 1564 2273 tamen

612 2309 688 2375 ideo
703 2313 935 2378 conscientiam
956 2314 1032 2378 mali
1054 2314 1086 2377 in
1109 2321 1214 2376 mente
1229 2311 1355 2384 versari,
1371 2331 1431 2372 nec
1448 2330 1563 2392 appro-

613 2409 680 2476 bari
693 2413 765 2490 ista,
780 2425 836 2477 aut
850 2415 898 2478 eis
913 2414 1052 2497 aliquem
1066 2411 1224 2491 indulgeri
1241 2430 1444 2475 consensum.
1485 2410 1560 2472 Hoc

612 2512 698 2576 enim
717 2535 786 2576 esse
806 2515 917 2577 volunt
936 2513 971 2576 in
993 2521 1171 2595 potestate:
1195 2511 1293 2595 idque
1313 2511 1465 2574 interesse
1485 2532 1563 2573 cen·

611 2621 684 2676 sent
704 2613 787 2676 inter
809 2613 951 2676 animam
974 2611 1142 2694 sapientis,
1163 2622 1197 2676 et
1218 2611 1316 2690 stulti,
1337 2609 1423 2695 quod
1446 2613 1561 2675 stultus

611 2734 772 2777 consensu
796 2714 911 2776 mentis
941 2711 1147 2795 passionibus
1173 2711 1270 2789 cedit,
1291 2713 1420 2795 sapiens
1444 2725 1561 2791 autem,

609 2814 686 2878 licet
707 2835 760 2877 eas
782 2814 976 2878 necessitate
1006 2813 1156 2895 patiatur,
1177 2814 1293 2876 retinet
1318 2826 1426 2876 tamen
1448 2811 1489 2875 de
1512 2834 1559 2877 ra·

610 2914 803 2976 tionabiliter
818 2912 1006 2994 appetendis
1022 2915 1072 2974 vel
1086 2913 1259 2993 fugiendis,
1270 2933 1374 2976 veram
1390 2924 1422 2975 et
1437 2912 1559 2975 firmam

609 3015 801 3076 inconcussa
836 3022 943 3075 mente
979 3013 1179 3074 senteutiam.
1237 3013 1318 3075 Haec
1350 3012 1482 3095 quidem
1512 3014 1560 3075 illi

609 3125 738 3178 auctore
761 3114 798 3174 A.
824 3113 943 3186 Gellio,
966 3122 999 3175 et
1027 3133 1084 3195 pro
1115 3122 1203 3196 parte
1235 3113 1397 3193 eleganter
1422 3125 1455 3176 et
1478 3134 1558 3177 vere.

517 3248 520 3255 ⁴
609 3215 726 3279 Errant
742 3225 861 3292 tamen,
876 3215 902 3277 si
923 3215 1054 3278 istarum
1075 3214 1270 3297 passionum,
1284 3235 1356 3295 quae
1373 3215 1561 3278 necessariae

609 3328 693 3395 sunt,
722 3317 952 3400 repressionem
983 3325 1015 3381 ct
1045 3316 1289 3398 castigationem
1318 3316 1398 3379 citra
1428 3317 1562 3398 gratiam

608 3418 729 3480 viribus
759 3420 826 3482 suis
855 3418 1054 3492 adscribunt,
1078 3440 1116 3482 eo
1139 3417 1226 3501 quod
1252 3418 1352 3481 solius
1380 3415 1561 3482 miserentis

609 3517 673 3578 Dei
694 3527 752 3593 est,
775 3537 838 3580 non
862 3520 970 3601 utique
993 3519 1149 3581 currerrtis
1172 3518 1312 3579 hominis
1334 3530 1389 3581 aut
1411 3518 1560 3592 volentis,

607 3624 645 3678 ut
664 3616 715 3678 hae
738 3616 771 3678 in
794 3636 886 3679 usum
907 3616 1043 3699 justitiae
1066 3626 1301 3679 convertantur.
1355 3618 1431 3681 Hoc
1454 3628 1561 3680 autem

607 3715 746 3781 sufficiat
775 3714 1004 3792 demonstrare,
1035 3716 1123 3799 quod
1160 3715 1270 3779 timore
1304 3715 1462 3780 modestia
1495 3716 1559 3779 dis-

607 3826 769 3899 pensatur,
791 3827 825 3880 et
846 3816 1096 3899 philosophandi
1127 3816 1230 3900 prima
1260 3817 1410 3881 sternitur
1434 3830 1466 3880 et
1493 3815 1559 3879 dis·

607 3916 733 3999 ponitur
759 3917 817 3981 via
872 3916 1039 4001 Siquidem
1064 3918 1219 4000 scriptum
1245 3911 1304 3994 est,
1326 3918 1401 4002 quia
1430 3916 1557 3979 initium

607 4018 782 4102 sapientiae,
796 4028 829 4082 et
843 4019 916 4083 finis
931 4019 1110 4092 modestiae,
1129 4020 1223 4084 timor
1239 4019 1313 4082 Dei.
