4084 5634
575 820 647 865 aar.
663 804 746 885 1111]
927 824 1179 874 1011111111111.
1465 821 1526 879 155

575 976 777 1040 tercessiones
798 999 859 1040 non
884 992 1029 1062 prosunt.
1051 979 1132 1043 vires
1159 1003 1232 1044 suas
1253 981 1385 1046 ambitio
1411 985 1524 1062 exerit,

573 1097 639 1140 suae
655 1091 687 1140 et
707 1077 817 1142 alicnoe
836 1080 998 1144 facultatis
1019 1081 1149 1145 divitias
1168 1081 1318 1159 ostendit,
1329 1084 1396 1170 jam
1419 1087 1523 1172 palam

572 1177 727 1263 loquitur,
745 1197 776 1245 et
798 1183 831 1245 in
856 1196 992 1247 montem
1012 1183 1157 1248 elationis
1178 1185 1318 1250 ascendit
1339 1202 1371 1249 et
1391 1187 1522 1253 clamat:

573 1280 654 1344 Hoec
674 1282 780 1346 omnia
803 1284 861 1348 tibi
883 1285 977 1365 dabo,
992 1285 1017 1349 si
1041 1285 1287 1350 afundamento
1302 1287 1376 1351 fidei
1396 1289 1524 1369 cadens,

569 1385 763 1468 promoveris
774 1408 834 1448 me.
858 1385 1090 1472 Hocsiquidem
1104 1386 1519 1474 cadereest‚quumcertum

567 1483 607 1548 sit
617 1507 656 1548 ex
666 1486 856 1550 auctoritate
865 1500 1044 1551 sanctorum
1059 1498 1198 1572 patrum,
1210 1488 1298 1574 quod
1308 1513 1365 1575 per
1374 1492 1519 1557 lraeresim

568 1586 781 1664 simoniacam,
797 1588 1006 1653 asinceritate
1015 1589 1089 1652 fidei
1104 1590 1235 1666 corruit,
1248 1593 1395 1678 quisquis
1410 1594 1441 1658 in
1458 1595 1520 1680 spi-

568 1687 749 1769 ritualibus,
763 1690 796 1753 id
816 1704 863 1755 est
885 1692 980 1755 rebus
1002 1692 1097 1755 sacris
1117 1706 1149 1755 et
1165 1692 1392 1770 ecclesiasticis,
1409 1696 1519 1759 merci-

564 1792 705 1852 monium
722 1790 862 1854 avaritiae
870 1793 1052 1856 committit.
1093 1795 1161 1856 Nec
1173 1793 1268 1858 refert
1280 1794 1365 1879 quod
1382 1797 1518 1881 pecunia

565 1890 751 1968 intercedat,
766 1893 798 1955 in
810 1906 985 1974 contractu,
996 1896 1044 1960 vel
1057 1911 1141 1972 ante,
1154 1895 1201 1958 vel
1219 1912 1302 1982 post,
1318 1920 1417 1982 quum
1430 1900 1515 1964 omni

564 2005 708 2076 tempore
730 1994 925 2078 negotiantes
946 1997 978 2060 iu
1005 1996 1124 2062 talibus
1149 1995 1311 2060 damnatio
1336 1998 1515 2065 simoniacae

562 2092 728 2178 pravitatis
739 2095 891 2159 involvat.
937 2097 1139 2174 Quumenim
1150 2098 1513 2183 perpetuoprobibitum

538 2250 542 2260 .
561 2194 611 2270 sit,
627 2196 669 2259 ob
684 2195 744 2260 boc
758 2198 900 2284 accipere
916 2203 965 2264 vel
977 2200 1053 2263 dare
1069 2199 1245 2286 quippiam,
1258 2222 1421 2285 nunquam
1437 2201 1513 2267 dare

560 2297 609 2360 vel
625 2300 766 2386 accipere
780 2301 840 2364 erit
860 2302 993 2377 licitum,
1009 2303 1096 2386 quod
1117 2317 1164 2366 est
1187 2325 1417 2388 usquequaque
1441 2327 1512 2389 pro-

558 2399 706 2467 hibitum.
754 2404 801 2467 Ut
823 2405 905 2467 enim
929 2405 972 2468 ait
999 2405 1189 2468 'l‘harrasius
1216 2406 1412 2483 Patriarcba,
1435 2407 1511 2472 dare

557 2519 604 2566 est
625 2504 882 2590 quandocunque
905 2505 993 2581 dare,
1015 2519 1047 2567 et
1073 2508 1215 2590 accipere
1238 2505 1429 2590 quandoque
1458 2531 1509 2571 ac·

556 2603 669 2687 cipere.
706 2607 879 2689 Egregium
897 2605 1050 2692 quiddam
1066 2606 1098 2668 in
1115 2605 1199 2668 libus
1213 2605 1326 2668 accidit
1343 2606 1375 2668 in
1392 2607 1509 2691 Apulia

556 2704 754 2790 temporibus
770 2706 856 2770 meis.
901 2706 1216 2804 Regnautessoqgero
1242 2704 1359 2785 Siculo,
1373 2707 1508 2793 contigit

557 2828 668 2869 vacare
693 2806 854 2871 ecclesiam
883 2805 1066 2872 Avellanam
1095 2805 1291 2891 Campaniae,
1314 2805 1453 2892 Apuliae,
1474 2823 1506 2874 et

555 2911 721 2976 Calabriae.
783 2911 946 2976 Robertus
970 2911 1038 2995 jam
1069 2909 1148 2973 dicti
1179 2910 1261 2994 regis
1291 2909 1506 2976 Cancellarius

552 3015 755 3099 praesidebat,
772 3017 821 3078 vir
835 3014 963 3097 quidem
980 3013 1013 3077 in
1030 3012 1127 3077 rebus
1141 3011 1287 3095 gerendis
1302 3024 1461 3089 strenuus,
1472 3028 1503 3080 et

552 3121 618 3182 sine
638 3139 752 3202 magna
776 3116 937 3180 literarum
961 3116 1054 3198 copia
1074 3113 1284 3178 acutissimus.
1334 3115 1370 3176 11
1393 3115 1504 3199 primis

551 3220 788 3303 provincialium
802 3217 1170 3292 facundissimus,eorum
1183 3219 1354 3301 nonimpar
1363 3214 1503 3301 eloqui0,

551 3320 707 3380 verendus
735 3318 883 3381 omnibus
913 3315 1078 3401 privilegio
1108 3315 1284 3400 potestatis,
1315 3328 1346 3378 et
1377 3336 1500 3380 morum

548 3418 705 3503 elegantia
735 3417 932 3492 venerabilis,
959 3439 1060 3502 eoque
1090 3416 1263 3479 mirabilior
1292 3415 1324 3478 in
1355 3416 1502 3501 partibus

546 3519 620 3596 illis,
642 3519 729 3606 quod
753 3519 836 3582 inter
859 3516 1100 3612 Longobardos,
1121 3516 1436 3617 .¹„¹9„⁸„,R1}f.⁰i⁸⁵l¹¹¹⁰⁵2
1461 3539 1500 3580 ne

548 3646 658 3686 avaros
670 3623 784 3701 dicam,
793 3643 859 3684 esse
869 3633 992 3683 constat
1016 3620 1153 3682 faciebat
1166 3612 1314 3703 sumptus
1323 3612 1501 3700 immensas,

539 3730 577 3791 ”et
599 3742 704 3810 gentis
727 3747 794 3790 suaa
815 3708 1082 3808 magnificentiam
1105 3721 1291 3786 exhibebat:
1322 3736 1389 3785 erat
1413 3722 1496 3786 enim

545 3829 698 3911 Anglicus
724 3827 859 3891 natione.
905 3825 955 3890 Ad
981 3847 1054 3889 eum
1081 3824 1191 3908 itaque
1218 3822 1276 3886 viri
1303 3836 1368 3886 tres
1394 3845 1496 3886 acces·

546 3943 667 4005 serunt,
683 3929 782 3991 abbas
801 3927 943 4013 quidam,
966 3925 1046 3988 alter
1061 3923 1314 4001 archidiaconus,
1326 3936 1356 3986 et
1382 3922 1497 3986 tertius

542 4033 640 4097 laicus
669 4031 798 4116 quidam
830 4028 1021 4116 praepositus
1052 4027 1144 4108 regis,
1171 4023 1279 4086 fratris
1309 4023 1357 4085 sui
1388 4023 1494 4087 clerici

541 4157 667 4198 causam
683 4157 789 4219 agene,
807 4129 921 4215 singuli
941 4128 1020 4193 clam
1043 4151 1101 4214 pro
1118 4129 1184 4213 jam
1207 4124 1293 4187 dicto
1308 4125 1494 4208 episcopatu

540 4238 692 4321 grandem
708 4234 872 4321 pecuniam
888 4237 1064 4296 offerentes
1092 4227 1176 4306 Quid
1187 4224 1308 4288 multa?
1333 4224 1494 4289 Adlribitis

543 4337 752 4400 familiaribus
767 4358 905 4400 seorsum
922 4356 994 4396 cum
1013 4353 1203 4415 nuoquoque
1221 4349 1330 4389 eorum
1348 4328 1492 4392 convenit

542 4440 582 4503 rle
600 4439 714 4523 precio.
754 4438 883 4524 Emptio
898 4460 975 4520 crgo
990 4451 1019 4498 et
1039 4432 1177 4496 venditio
1195 4428 1338 4514 undique
1355 4430 1495 4513 perlecta
