4084 5634
557 784 600 852 94
818 804 1256 853 soauu1ssaansnna1sss1s
1368 785 1451 871 [mn.
1468 807 1512 852 vr.

556 971 618 1033 est,
644 970 786 1023 autnon
813 959 930 1036 minus,
956 958 1044 1044 qnod
1069 960 1186 1024 milites
1210 960 1343 1039 faciunt,
1367 961 1510 1045 quinon

555 1059 754 1135 schedulam,
770 1060 827 1124 sed
848 1061 989 1141 gladium
1009 1064 1156 1140 offerunt,
1180 1074 1213 1126 et
1238 1063 1330 1147 qnasi
1354 1062 1511 1146 primitias

556 1160 655 1223 officii
670 1159 829 1224 redimunt
844 1164 885 1226 ab
897 1162 998 1238 altari,
1008 1162 1094 1226 unde
1110 1163 1254 1226 eeclesiae
1268 1164 1303 1225 in
1318 1176 1509 1248 perpetuum

555 1263 757 1326 famulentur.
801 1264 886 1327 Nam
911 1265 994 1328 sicut
1017 1266 1065 1329 eis
1087 1286 1145 1347 pro
1167 1265 1305 1330 ecclesia
1325 1267 1509 1350 plurimum,

552 1366 598 1430 ita
613 1377 726 1429 eontra
740 1366 921 1440 ecclesiam,
934 1366 1013 1429 licet
1027 1367 1120 1430 nihil.
1164 1368 1275 1430 Refert
1295 1369 1414 1445 Lucas,
1428 1367 1506 1450 qnid

552 1466 670 1529 milites
694 1477 730 1531 ut
752 1468 992 1550 baptizarentur
1016 1478 1219 1531 accesserunt
1244 1465 1286 1530 ad
1311 1465 1508 1546 Johannem,

551 1567 800 1649 interrogantes:
824 1569 982 1649 Magister
1004 1567 1080 1652 quid
1104 1569 1258 1630 faciemus
1284 1579 1317 1631 et
1340 1565 1422 1630 nos?
1460 1569 1506 1631 Et

551 1667 596 1731 ait
624 1669 702 1732 illis:
742 1671 914 1733 Neminem
944 1669 1147 1748 concutiatis,
1176 1690 1280 1752 neque
1313 1669 1505 1732 calumniam

550 1768 685 1848 faciatis,
700 1781 732 1833 et
747 1772 889 1834 contenti
910 1781 1010 1834 estote
1029 1771 1198 1854 stipendiis
1217 1771 1339 1833 vestris.
1385 1769 1506 1834 Fidelis

551 1893 665 1951 sermo,
680 1886 712 1936 et
726 1873 814 1936 omni
828 1875 1017 1956 acceptione
1033 1873 1160 1956 dignus,
1172 1875 1226 1957 qui
1242 1873 1355 1938 deccat
1369 1895 1502 1959 praeam-

549 1974 662 2037 bulum
684 1974 803 2055 gratiae,
819 1995 997 2059 praeconem
1019 1976 1170 2051 veritatis,
1187 1976 1305 2039 domini
1328 1997 1504 2059 praecurso·

550 2097 626 2139 ram.
672 2076 815 2140 Noverat
843 2077 929 2139 enim
959 2098 1088 2139 manum
1123 2078 1291 2141 militarem
1321 2087 1502 2162 promptam

550 2177 591 2240 'ad
613 2176 755 2260 injurias,
780 2178 901 2262 rapinis
923 2191 1094 2256 assuetam,
1119 2191 1151 2241 et
1178 2180 1231 2243 eui
1256 2201 1421 2264 nunquam
1448 2188 1503 2242 aut

549 2299 619 2341 raro
648 2279 812 2342 sufficiunt
841 2301 910 2357 sua,
933 2280 1009 2364 quin
1041 2291 1169 2364 appetat
1199 2281 1312 2344 aliena.
1358 2280 1504 2344 Concus-

548 2379 638 2442 sione
661 2401 736 2460 ergo
762 2381 932 2465 prohibita,
956 2383 1098 2445 exclusit
1123 2382 1264 2466 injurias,
1290 2382 1418 2464 rapinas
1444 2402 1502 2442 ex·

546 2482 735 2560 terminavit,
770 2484 904 2546 exclusa
937 2484 1104 2547 calumnia.
1164 2484 1336 2548 Avaritiam
1372 2503 1500 2568 quoque

546 2583 718 2663 damnarit,
745 2584 820 2648 dum
847 2586 1001 2668 praecepit
1028 2607 1286 2670 unumquemque
1313 2595 1498 2649 contentum

546 2707 616 2749 esse
631 2686 800 2771 stipendiis
816 2687 892 2749 suis.
937 2687 1028 2750 Sicut
1050 2689 1134 2749 enim
1151 2686 1275 2750 dictum
1292 2697 1349 2764 est,
1363 2686 1500 2750 militem

546 2806 638 2867 egere
660 2809 725 2849 non
748 2788 835 2866 licet,
857 2787 909 2850 cui
932 2785 1008 2849 dum
1032 2789 1157 2864 militat,
1181 2788 1301 2851 militiae
1328 2809 1394 2851 suaa
1419 2809 1498 2870 prae·

546 2896 667 2946 stantur
689 2886 861 2966 stipendia,
877 2897 909 2947 et
932 2907 1030 2966 quum
1053 2889 1202 2950 emeritus
1223 2900 1282 2960 est,
1298 2888 1430 2968 praedia,
1447 2889 1498 2950 vel

545 2983 697 3045 alimenta
726 2982 831 3068 quoad
856 2983 1033 3045 necessitas
1063 2985 1175 3064 exigit,
1199 2985 1239 3046 de
1261 2986 1395 3068 publico
1425 3007 1498 3070 pro·

547 3080 706 3147 ridentur.

544 3387 624 3468 Cap.
651 3388 700 3447 ll.
742 3382 835 3450 Quod
855 3383 977 3445 milites
1005 3382 1121 3446 durius
1143 3386 1329 3468 castigandi
1355 3394 1444 3462 eunt,
1464 3387 1495 3448 ai

604 3482 733 3545 militiae
750 3483 816 3562 lege
831 3488 1027 3560 contemptu,
1041 3485 1223 3566 privilegiis
1237 3484 1429 3546 abutuntur.

586 3618 623 3681 Sr
641 3636 713 3679 vero
724 3625 836 3678 contra
847 3615 1094 3697 prohibitionem
1106 3615 1276 3693 Johannis,
1287 3625 1318 3678 et
1332 3613 1493 3695 legitimas

543 3719 733 3794 sanctiones,
748 3716 780 3778 in
797 3715 880 3778 surta
898 3715 1050 3780 dilabitur
1065 3729 1098 3780 et
1116 3717 1255 3800 rapinas,
1271 3716 1380 3779 durius
1396 3714 1490 3779 casti·

541 3819 667 3905 gandus
682 3830 740 3895 est,
749 3828 785 3880 ut
796 3817 849 3902 qui
862 3838 987 3901 semper
1000 3819 1128 3892 senum,
1141 3818 1283 3902 duraque
1295 3818 1489 3881 tractaverit:

541 3923 631 3989 etita
646 3918 828 3984 cohibenda
843 3932 892 3983 est
911 3919 1048 3983 audacia
1063 3919 1144 4004 ejus,
1160 3931 1194 3983 ut
1209 3919 1242 3981 in
1258 3920 1366 4002 seipso
1387 3918 1492 3982 discat

542 4032 663 4108 quanta
703 4018 979 4084 animadversione
1015 4019 1149 4083 feriendi
1187 4019 1262 4096 sint,
1296 4018 1352 4102 qui
1385 4018 1489 4097 legem

540 4127 739 4210 impugnant,
761 4144 857 4205 qnam
882 4131 1089 4206 susceperant
1111 4118 1354 4184 defendendam.
1399 4119 1491 4184 Sicut

540 4227 626 4289 enim
647 4225 755 4289 multis
777 4223 1031 4286 immunitatibus
1054 4232 1086 4284 et
1108 4220 1369 4285 eminentioribus
1392 4221 1488 4305 privi-

539 4327 632 4406 legiis
648 4328 759 4390 militia
770 4325 899 4409 gaudet,
910 4326 954 4389 ita
965 4325 1183 4388 acerbioribus
1197 4325 1304 4407 poenis
1320 4325 1488 4390 subdenda

540 4437 598 4505 est,
620 4426 646 4488 si
669 4449 725 4490 sua
748 4427 943 4491 derneruisse
966 4426 1131 4512 privilegia
1154 4425 1370 4491 convincatur.
1416 4429 1485 4492 Nec
