4084 5634
468 829 538 875 can.
555 802 631 892 xm]
822 824 1077 872 nonronarrcus.
1354 802 1418 873 97¹5

469 979 605 1056 nocebit,
616 980 642 1042 si
653 977 825 1042 ostenderis
835 978 909 1064 quis
919 999 981 1041 non
992 977 1044 1040 sit.
1073 975 1298 1043 Alinslibidini
1311 980 1419 1054 servit,

468 1081 548 1146 alius
578 1079 731 1160 avaritiae,
756 1079 838 1144 alius
866 1079 1044 1156 ambitioni,
1070 1101 1179 1144 omnes
1208 1079 1287 1166 spei,
1311 1102 1420 1143 omnes

468 1184 584 1250 timori.
621 1183 667 1247 Et
682 1192 767 1246 ce‘rte
783 1181 869 1248 nulla
884 1183 1021 1246 servitus
1045 1183 1180 1269 turpior,
1196 1205 1291 1269 quam
1308 1182 1419 1246 volun-

467 1286 557 1352 taria.
596 1291 638 1352 At
661 1306 718 1349 nos
735 1286 852 1370 jugoa
874 1281 1001 1349 fortuna
1025 1284 1172 1370 imposito
1194 1285 1421 1370 subjacentem,

468 1402 620 1475 tanquam
644 1388 806 1463 miserum,
829 1385 988 1471 vilemque
1014 1389 1181 1450 caicamus.
1226 1384 1322 1465 Quod
1346 1404 1421 1451 vero

470 1510 527 1556 nos
542 1491 657 1556 nostris
674 1489 850 1553 cervicibus
871 1487 1049 1562 inferimus,
1065 1510 1127 1551 non
1151 1489 1294 1574 patimur
1315 1512 1421 1574 repre-

469 1593 576 1659 bendi.
617 1590 761 1656 Invenies
780 1589 864 1653 inter
880 1610 987 1654 servos
1006 1590 1146 1677 aliquem
1162 1591 1296 1675 pecunia
1314 1593 1424 1656 sortio-

470 1710 555 1760 rem:
590 1693 730 1759 invenies
755 1692 931 1770 domiuum,
959 1715 1014 1779 spe
1043 1693 1124 1757 lucri
1149 1694 1257 1758 oscula
1286 1696 1422 1760 aliorum

469 1816 631 1865 servorum
662 1795 809 1860 manibus
838 1794 1031 1879 infigentem.
1083 1799 1155 1861 Non
1188 1819 1264 1883 ergo
1294 1797 1423 1862 fortuna

471 1890 615 1962 bomines
640 1896 815 1972 testimabo,
842 1895 896 1959 sed
924 1896 1074 1962 moribus.
1113 1897 1182 1962 Sibi
1207 1899 1341 1986 quisquc
1367 1899 1425 1964 dat

472 2021 585 2073 mores,
609 1999 821 2063 conditionem
845 2021 935 2064 casus
958 1999 1108 2084 assignat,
1147 2001 1423 2078 Quemadmodum

473 2099 591 2165 stultus
602 2113 660 2180 est,
671 2099 728 2184 qui
740 2113 907 2186 empturus
922 2123 1053 2186 equum,
1065 2122 1127 2163 non
1144 2100 1249 2188 ipsum
1260 2102 1424 2189 conspicit,

473 2201 527 2267 sed
547 2215 665 2267 statum
689 2201 759 2285 ejus
773 2225 810 2266 ac
832 2202 955 2266 l'renos:
988 2201 1032 2266 sic
1056 2200 1263 2267 stultissimus
1285 2217 1345 2282 est,
1368 2205 1425 2292 qui

472 2304 631 2370 bominem
644 2312 700 2369 aut
712 2326 752 2368 cx
768 2303 961 2381 conditione,
973 2316 1029 2369 aut
1045 2326 1084 2368 ex
1102 2319 1187 2369 veste
1202 2304 1425 2372 aestimandum

473 2415 577 2492 putat.
609 2394 681 2470 Non
694 2419 753 2484 est,
763 2406 807 2470 mi
818 2405 993 2491 Evangele,
1003 2404 1090 2491 quod
1103 2405 1239 2470 amicum
1252 2419 1377 2471 tantum
1394 2409 1426 2471 in

473 2507 556 2585 loro,
578 2521 610 2570 et
630 2505 766 2570 incuria
786 2526 924 2590 quaeras,
941 2505 966 2568 si
990 2503 1160 2590 diligenter
1179 2503 1364 2585 attenderis,
1380 2508 1427 2572 in-

474 2607 579 2670 renies
594 2619 626 2670 et
641 2605 738 2670 domi.
776 2606 831 2670 Tu
847 2604 942 2668 modo
957 2604 1029 2667 vive
1049 2628 1121 2668 cum
1138 2629 1228 2670 servo
1246 2607 1426 2686 clementer,

475 2708 606 2773 comiter
621 2730 762 2793 quoque,
777 2721 809 2770 et
825 2706 856 2770 in
872 2727 1046 2770 sermonem
1068 2704 1170 2784 illurn,
1186 2720 1216 2770 et
1239 2707 1271 2771 in
1289 2730 1427 2774 necessa-

475 2809 556 2873 rium
569 2829 795 2893 nonnunquam
808 2807 941 2872 admitte
953 2806 1129 2873 consilium.
1155 2813 1238 2873 Nam
1251 2823 1282 2872 et
1294 2811 1428 2898 majores

474 2910 586 2991 nostri,
600 2930 724 2973 omnem
736 2908 874 2974 dominis
888 2908 1053 2984 invidiam,
1065 2930 1189 2974 omnem
1204 2911 1302 2975 servis
1316 2926 1428 2978 contu·

475 3012 599 3078 melium
616 3012 831 3090 detrahentes,
843 3011 1007 3075 dominum
1025 3020 1145 3098 patrem
1163 3011 1309 3091 familias,
1322 3038 1428 3081 servos

474 3114 645 3181 familiares
660 3112 911 3200 appellaverunt¹
949 3112 1065 3179 Colant
1080 3136 1156 3198 ergo
1174 3127 1206 3178 te
1222 3116 1329 3202 potius
1345 3120 1428 3183 servi

475 3219 536 3297 tui,
547 3216 625 3281 mihi
640 3215 744 3296 crede,
755 3237 851 3302 quam
863 3213 1007 3292 timeant,
1019 3238 1077 3280 neo
1089 3213 1146 3279 tibi
1160 3239 1270 3299 parum
1282 3218 1429 3284 rideatur

475 3341 544 3384 esse
573 3315 661 3403 quod
692 3317 754 3380 diis
782 3316 858 3380 satis
887 3329 944 3380 est.
985 3320 1079 3380 Nam·
1099 3317 1155 3401 qui
1181 3317 1308 3398 colitur,
1333 3321 1429 3385 etiam

475 3431 610 3484 amatur.
642 3421 711 3483 Nec
726 3430 831 3503 potest
847 3440 934 3481 amor
949 3440 1022 3481 oum
1040 3417 1150 3482 timore
1167 3419 1298 3484 misceri.
1333 3422 1429 3488 Unde

476 3521 559 3589 enim
586 3534 681 3607 putas
705 3519 998 3605 arrogantissimum
1030 3518 1111 3583 illud
1138 3542 1280 3586 manasse
1302 3544 1430 3608 prover·

476 3625 578 3700 bium,
601 3646 668 3709 quo
684 3623 838 3708 jactatur,
859 3621 991 3686 totidem
1014 3622 1107 3687 nobis
1126 3622 1233 3687 hostes
1254 3646 1331 3702 esse,
1349 3639 1429 3712 quot

477 3729 605 3791 servos?
632 3727 705 3789 Non
722 3722 876 3787 babemus
887 3723 994 3788 hostes
1006 3723 1087 3801 illos,
1099 3723 1152 3788 sed
1165 3722 1311 3802 facimus,
1328 3749 1428 3813 quum

476 3829 507 3893 in
523 3827 596 3893 illos
606 3825 830 3913 superbissimi,
847 3825 1164 3900 contumeliosissimi,
1176 3839 1208 3889 et
1219 3826 1431 3893 crudelissimi
1481 3900 1486 3912 ⁸

477 3953 597 4006 sumus,
620 3946 652 3993 et
677 3928 717 3992 ad
746 3928 864 3990 rabiem
891 3949 948 3991 nos
972 3940 1093 4009 coguut
1118 3927 1224 3988 venire
1246 3925 1375 4006 delitiae,
1394 3942 1430 3992 ut

478 4029 633 4117 quicquid
650 4050 712 4093 non
728 4050 767 4090 ex
779 4026 944 4091 voluntate
960 4025 1169 4109 responderit,
1181 4025 1260 4090 iram
1276 4027 1430 4092 furorem·-

476 4154 539 4218 que
565 4141 725 4217 provocet.
764 4124 859 4193 Domi
885 4127 969 4190 enim
997 4125 1087 4188 nobis
1117 4128 1239 4190 animos
1268 4125 1431 4192 induimus

478 4244 698 4316 tyrannorum,
709 4244 739 4295 et
754 4251 815 4293 non
829 4240 984 4315 quantum
994 4226 1096 4304 decet,
1110 4226 1162 4290 sed
1176 4242 1331 4313 quantum
1346 4228 1430 4307 licet,

478 4354 625 4396 exercere
646 4329 792 4396 volumus
810 4330 841 4393 in
858 4351 973 4393 servos.
1012 4332 1094 4393 Nam
1114 4342 1148 4392 ut
1167 4343 1280 4392 caetera
1296 4330 1431 4395 crudeli·

479 4432 553 4498 tatis
565 4455 680 4517 genera
692 4447 889 4518 praeteream,
900 4445 973 4495 sunt
985 4430 1043 4516 qui
1055 4431 1131 4494 dum
1146 4453 1178 4493 se
1193 4451 1309 4496 mensoe
1320 4433 1431 4519 copiis,

931 4550 951 4593 n·
966 4538 986 4593 2
