4084 5634
636 842 677 899 44
895 853 1032 899 scaurus
1048 853 1326 900 sunrseeuressrs
1447 836 1529 916 [rur.
1546 854 1590 900 vr.

637 1005 789 1070 carcerali
818 1002 973 1068 custodite
999 1005 1195 1087 mancipare,
1220 1016 1375 1090 tantoque
1401 1008 1492 1090 operi
1514 1017 1595 1071 ette-

636 1105 772 1168 stabitur
797 1104 830 1167 in
857 1115 1045 1188 perpetuum
1075 1126 1170 1168 mons
1196 1106 1367 1178 Barbatio,
1393 1116 1450 1169 eut
1476 1106 1503 1168 si
1528 1107 1594 1170 elio

636 1205 765 1268 nomine
785 1225 917 1269 censere
938 1205 1097 1282 malueris,
1112 1201 1237 1268 dicetur
1255 1226 1349 1268 mons
1369 1202 1524 1269 badourus
1539 1216 1594 1270 eut

634 1303 851 1368 barbarorum.
888 1305 1032 1368 Transeo
1044 1302 1087 1366 ad
1098 1324 1315 1368 successorem
1328 1304 1592 1388 ejusHenricum

635 1403 791 1485 inclytum
806 1424 925 1485 regem,
938 1403 994 1487 qui
1009 1405 1061 1466 leo
1072 1402 1209 1487 justitie
1221 1403 1402 1487 appellatus
1414 1413 1475 1483 est,
1485 1425 1593 1487 quem,

635 1502 720 1567 sicut
745 1505 875 1587 publice
905 1516 1017 1568 notum
1044 1513 1103 1582 est,
1130 1523 1195 1567 uon
1221 1502 1318 1567 modo
1343 1505 1450 1582 urbes,
1475 1503 1533 1568 sed
1559 1515 1593 1567 et

635 1614 735 1667 turres
755 1605 871 1668 Gallie
889 1605 1072 1668 timuerunt
1118 1604 1184 1668 Sed
1203 1604 1340 1688 qualiter
1362 1625 1469 1685 regem
1492 1605 1590 1669 Fren-

636 1725 746 1768 corum
773 1705 944 1770 commisso
974 1705 1086 1788 proelio
1115 1705 1244 1786 fregerit
1269 1717 1301 1768 et
1326 1704 1491 1786 fugaverit,
1514 1706 1592 1788 quie

636 1807 819 1890 percelebre
845 1817 905 1884 ost,
929 1816 961 1870 et
984 1805 1126 1869 victoriae
1152 1806 1240 1869 illius
1262 1806 1295 1867 iu
1320 1818 1454 1890 utroque
1477 1827 1590 1886 regno,

637 1907 692 1990 qui
708 1906 841 1989 publico
857 1906 967 1989 prelio
983 1905 1205 1982 interfuerunt,
1215 1905 1344 1988 plurimi
1359 1917 1455 1970 testes
1466 1915 1589 1984 extent,

636 2029 678 2070 ne
704 2007 858 2090 replicare
883 2006 1052 2070 notissima
1077 2005 1244 2069 taediosum
1269 2005 1322 2083 sit,
1346 2007 1485 2070 scienter
1509 2027 1590 2089 prae·

635 2119 732 2171 tereo.
766 2107 1023 2171 Norruennorum
1037 2105 1151 2170 ducem
1165 2107 1265 2169 virum
1280 2106 1483 2183 bellicosum,
1494 2107 1589 2170 ermis

637 2220 812 2286 strenuum,
841 2208 897 2292 qui
927 2207 1155 2289 Hierosolyma
1189 2206 1325 2270 liberate
1354 2205 1499 2282 redierat,
1527 2207 1588 2269 sub

636 2311 749 2372 umbra
777 2308 927 2385 nominis,
953 2306 1113 2391 quomodo
1143 2306 1264 2390 ceperit
1292 2306 1389 2370 alieni
1419 2306 1509 2386 regni
1538 2307 1588 2369 in·

637 2431 764 2492 gressus
779 2410 942 2488 terminos,
950 2407 1066 2472 referre
1082 2426 1354 2491 supervacaneum
1366 2405 1473 2482 eredo,
1490 2428 1590 2490 quum
1666 2411 1673 2419 '

636 2512 731 2575 etiam
749 2511 892 2596 juniores
914 2508 1052 2574 eundem
1076 2522 1204 2592 captum
1228 2507 1366 2571 viderint
1386 2509 1421 2571 in
1443 2509 1589 2573 custodie

635 2613 777 2697 publicu,
791 2613 902 2678 habite
922 2624 1030 2677 temen
1048 2611 1259 2675 estimatione
1280 2609 1445 2692 dignitatis
1465 2622 1498 2674 et
1517 2632 1589 2674 sen·

635 2717 748 2798 guinis.
794 2716 966 2780 Testantur
988 2715 1049 2779 hoc
1074 2715 1333 2778 Normennorum
1353 2734 1514 2796 proceres,
1533 2712 1588 2776 elii

635 2818 734 2900 capti,
755 2819 811 2881 alii
832 2816 1031 2893 incarcerati,
1048 2816 1103 2879 alii
1123 2815 1322 2891 exheredati,
1341 2816 1374 2878 in
1397 2815 1588 2878 hodiernum

636 2916 732 2977 diem.
777 2916 842 2977 Sed
869 2928 900 2977 et
924 2916 1132 2995 sepulchrum
1158 2915 1277 2995 captivi
1301 2914 1396 2976 ducis
1417 2914 1506 2996 apud
1527 2934 1588 2976 nos

635 3022 693 3074 est
738 3011 916 3087 Postremo,
941 3030 982 3071 ne
1007 3009 1105 3089 longe
1130 3019 1281 3091 petentur
1303 3012 1463 3092 exemplu,
1485 3031 1587 3094 nepos

634 3112 721 3176 illius
744 3111 842 3174 totius
867 3110 937 3188 aevi,
959 3109 986 3173 si
1010 3111 1137 3174 collater
1156 3109 1228 3194 jem
1250 3110 1359 3191 grutioe
1380 3109 1528 3175 virtutum
1551 3111 1585 3173 in

634 3212 699 3277 fine
714 3212 906 3278 cohaeserint
919 3213 1041 3292 merita,
1057 3232 1114 3275 rex
1129 3208 1270 3297 optimus
1284 3211 1371 3296 apud
1392 3212 1587 3289 Britannias,

635 3314 901 3392 Normennorrun,
921 3324 953 3377 ct
975 3313 1209 3396 Aquitanorum
1231 3311 1300 3375 dux
1322 3312 1535 3391 felicissimus,
1554 3322 1587 3376 et

634 3416 754 3499 primus
789 3428 855 3479 tam
892 3415 1102 3499 amplitudine
1138 3436 1252 3491 rerum,
1282 3435 1377 3495 quern
1415 3414 1586 3497 splendore

634 3515 794 3590 virtutum,
821 3536 914 3597 quem
946 3527 1105 3589 strenuus,
1130 3536 1227 3596 quam
1256 3512 1460 3592 magnificus,
1489 3534 1584 3596 quern

635 3613 776 3697 prudens
796 3625 828 3677 et
848 3614 1022 3689 modestus,
1037 3615 1077 3675 eb
1098 3613 1179 3695 ipse,
1194 3624 1230 3675 ut
1248 3612 1294 3674 itu
1314 3610 1431 3687 dicam,
1451 3611 1586 3673 infantie

635 3714 738 3789 fuerit,
760 3736 821 3778 nec
845 3715 916 3798 ipse
942 3713 1023 3776 livor
1046 3714 1138 3776 silere
1164 3721 1219 3774 aut
1244 3710 1442 3773 dissimulare
1469 3721 1586 3792 potest,

636 3835 738 3899 quum
760 3836 857 3897 opere
877 3815 1029 3893 recentia,
1046 3826 1077 3876 et
1098 3813 1267 3876 manifesta
1289 3812 1363 3888 sint,
1377 3822 1410 3875 et
1423 3832 1443 3873 a
1457 3810 1586 3873 Briton-

633 3915 758 3978 niurum
786 3914 916 3992 finibus,
940 3914 982 3977 ed
1013 3913 1183 3995 Hispanire
1212 3911 1341 3987 limites,
1366 3909 1489 3971 virtutis
1517 3928 1584 3970 suae

633 4015 829 4102 protenderit
844 4029 876 4079 et
890 4014 1122 4080 continuaverit
1137 4014 1258 4077 titulos.

632 4162 641 4175 ·
738 4141 844 4198 Scilicet
854 4145 998 4212 ingenium,
1010 4149 1038 4196 et
1049 4160 1134 4196 rerum
1145 4143 1282 4214 prudentie
1293 4139 1371 4192 velox

632 4256 634 4263 ·
737 4230 810 4282 Ante
822 4229 889 4302 pilos
899 4230 980 4294 venit,
992 4229 1104 4282 dicende
1114 4228 1274 4294 tacendaque
1286 4224 1373 4289 callet,

739 4314 775 4365 Et
785 4317 853 4385 potis
864 4322 905 4369 est
916 4315 1019 4384 nigrum
1031 4314 1101 4366 vitiis
1112 4311 1248 4383 prefigere
1261 4311 1343 4364 theto.

634 4430 754 4493 Volens
780 4457 917 4520 nemque
946 4438 1037 4499 Deus
1059 4436 1163 4518 gentis
1185 4434 1449 4518 praevaricatricis
1471 4435 1583 4518 punire
