4084 5634
637 832 679 890 20
895 845 1033 891 nonusis
1049 847 1326 892 sanasnaamnsrs
1444 833 1525 912 [tra.
1543 853 1588 896 vr.

638 997 806 1080 pugnandi
828 997 859 1060 in
883 1000 1029 1062 exercitu
1052 1001 1266 1081 remansisset,
1289 1002 1372 1066 Cato
1396 1002 1436 1067 ad
1459 1005 1587 1088 Pompi-

637 1100 715 1162 lium
739 1101 876 1183 scripsit,
899 1112 934 1163 nt
956 1103 982 1164 si
1007 1114 1168 1184 pateretur
1189 1104 1222 1166 in
1249 1106 1394 1168 exercitu
1417 1126 1589 1182 remanere,

637 1220 710 1262 eum
726 1200 868 1264 secundo
883 1202 1005 1283 obliget
1020 1214 1229 1277 sacramento,
1246 1205 1322 1287 quia
1341 1205 1443 1287 priore
1459 1204 1588 1279 amisso,

632 1298 704 1383 jure
720 1322 792 1363 cum
808 1300 953 1364 hostibus
973 1322 1116 1383 pugnare
1133 1324 1197 1364 non
1213 1315 1347 1387 poterat.
1393 1305 1440 1366 M.
1458 1303 1587 1388 quidem

638 1400 772 1464 Catonis
787 1402 874 1464 senis
890 1401 1028 1485 epistola
1044 1412 1091 1465 est
1106 1403 1146 1465 ad
1163 1405 1210 1466 Mn
1225 1405 1338 1480 filium,
1349 1405 1381 1467 in
1399 1426 1462 1488 qua
1478 1405 1589 1468 scribit

637 1524 671 1566 se
681 1502 900 1579 audisse,eum
911 1506 1029 1569 sactum
1042 1505 1205 1568 dimissum
1217 1529 1314 1570 ossea
1326 1506 1478 1584 Consule,
1489 1528 1587 1591 quum

636 1607 669 1669 in
687 1607 881 1671 Macedonia
892 1609 978 1671 bello
990 1609 1121 1672 Persico
1132 1610 1223 1671 miles
1235 1621 1329 1672 esset.
1368 1611 1482 1672 Monet
1493 1609 1588 1690 igitur

638 1718 673 1769 ut
694 1720 815 1785 caveat,
836 1730 877 1770 ne
899 1710 1043 1793 praeliurn
1068 1711 1174 1786 ineat3
1205 1723 1301 1793 negat
1322 1712 1407 1773 enirn
1429 1710 1485 1794 jus
1507 1731 1589 1784 esse,

638 1832 711 1873 cum
726 1811 819 1873 hoste
833 1832 986 1893 pugnare,
999 1812 1053 1895 qni
1070 1814 1162 1876 rniles
1177 1836 1240 1876 non
1259 1815 1307 1876 sit.
1347 1815 1435 1876 Ecce
1452 1812 1527 1897 quia
1543 1813 1590 1875 vir

638 1911 889 1994 sapientissimus
912 1912 1043 1974 militem
1067 1934 1132 1974 nou
1160 1913 1324 1991 credebat,
1345 1914 1406 1976 nisi
1433 1934 1505 1977 enm
1533 1913 1586 1996 qui

637 2023 835 2074 sacramento
852 2010 892 2074 ad
908 2013 1053 2075 militiam
1070 2026 1283 2076 consecratur.

638 2188 719 2271 Cap.
736 2191 765 2249 8.
791 2188 963 2248 Armatam
978 2187 1134 2249 militiam
1149 2187 1195 2248 od
1214 2187 1404 2267 relipiouem
1419 2208 1459 2250 etr
1482 2208 1587 2250 raeces-

679 2292 776 2351 sitote
792 2291 903 2365 torreri,
917 2289 1001 2349 sicat!
1019 2278 1114 2350 illam
1136 2308 1205 2368 qua
1228 2291 1261 2348 in
1286 2289 1371 2350 clero
1393 2289 1513 2353 divinis
1534 2290 1587 2350 ob-

679 2392 797 2472 sequiis
816 2398 1040 2451 consecratur:
1068 2397 1101 2451 et
1121 2391 1207 2472 quoa
1226 2391 1320 2452 miles
1341 2394 1425 2453 sicut
1445 2391 1587 2468 lionoris,

679 2492 775 2553 itaet
789 2492 911 2552 laboris
925 2511 1041 2552 nomen
1057 2500 1113 2554 eat.

681 2641 750 2704 San
776 2638 877 2724 ipsius
902 2638 1075 2722 juramenti
1103 2640 1199 2702 verba
1225 2636 1360 2715 revolve,
1387 2648 1418 2701 et
1443 2635 1589 2699 invenies

637 2756 788 2806 armatam
811 2741 956 2803 militiam
979 2761 1044 2803 non
1069 2740 1185 2815 minus,
1201 2762 1296 2824 quam
1319 2740 1527 2823 spiritualem,
1545 2758 1588 2800 ex

636 2843 827 2906 necessitate
840 2843 938 2904 officii
950 2842 990 2904 ad
1003 2844 1200 2924 religionem,
1212 2856 1243 2905 et
1256 2843 1319 2905 Dei
1331 2843 1452 2904 cultum
1464 2842 1589 2918 arctari,

637 2964 736 3026 quum
755 2941 893 3003 fideliter
912 2954 944 3002 et
966 2943 1142 3004 secundum
1160 2945 1266 3005 Deum
1282 2943 1419 3023 principi
1435 2941 1589 3004 debeatur

637 3042 837 3125 obsequium,
853 3053 884 3102 et
899 3040 1086 3122 reipublicae
1109 3042 1243 3124 pervigil
1268 3042 1446 3103 famulatus.
1492 3040 1589 3104 Unde

637 3143 722 3228 qnod
749 3142 895 3225 praedixi,
919 3142 974 3226 qui
1000 3164 1060 3205 uec
1088 3143 1183 3205 electi
1210 3153 1294 3218 suut,
1317 3163 1375 3205 nec
1398 3141 1506 3224 jurati,
1528 3143 1588 3206 etsi

636 3247 772 3310 militum
798 3244 928 3306 nomine
955 3254 1157 3317 censeantur,
1179 3265 1244 3306 non
1272 3244 1375 3326 magis
1400 3245 1432 3305 iu
1457 3245 1586 3307 veritate

635 3347 753 3409 milites
780 3357 865 3419 sunt,
892 3365 986 3426 qtram
1015 3343 1197 3406 sacerdotes
1224 3355 1256 3405 et
1286 3344 1406 3420 clerici,
1433 3364 1514 3426 quos
1544 3343 1586 3408 ad

636 3447 764 3507 ordines
786 3447 923 3508 ecclesia
946 3467 1012 3507 non
1037 3447 1171 3507 vocavit.
1218 3447 1317 3507 Miles
1342 3466 1481 3528 namque
1504 3446 1588 3507 sicut

635 3545 766 3618 labon's,
782 3545 825 3606 ita
848 3558 879 3605 et
900 3544 1032 3605 honoris
1055 3564 1169 3605 nomen
1195 3555 1252 3605 est.
1298 3545 1404 3605 Nemo
1428 3564 1500 3604 vero
1523 3542 1585 3603 sibi

624 3646 788 3708 'honorem
805 3645 911 3720 sumit,
927 3643 983 3706 sed
999 3644 1054 3726 qni
1071 3656 1233 3707 vocatura
1250 3644 1400 3721 Domino,
1414 3642 1453 3704 de
1469 3643 1586 3705 collato

636 3748 758 3810 bonore
785 3747 942 3829 gloriatur.
990 3745 1125 3828 Moyses
1150 3756 1182 3808 et
1210 3745 1315 3808 tidelis
1341 3744 1451 3828 populi
1475 3743 1587 3820 duces,

637 3870 735 3934 quum
761 3849 870 3912 hostes
892 3858 1076 3930 oportuerat
1104 3848 1296 3932 impugnari,
1319 3848 1480 3929 eligebant
1503 3847 1586 3909 viros

636 3953 744 4027 sortes,
760 3962 791 4013 et
806 3949 847 4012 ad
860 3950 945 4012 bella
964 3949 1178 4013 doctissimos.
1224 3951 1424 4012 Electiouem
1446 3968 1585 4029 namque

635 4054 696 4116 ista
724 4050 933 4134 praereniunt.
993 4049 1057 4121 Qui
1087 4071 1160 4114 vero
1199 4072 1263 4112 non
1294 4052 1414 4112 eleotus
1443 4048 1584 4130 seipsum

636 4154 758 4216 nrilitiae
773 4151 899 4232 ingerit,
913 4151 946 4212 in
963 4171 997 4213 se
1014 4149 1154 4229 gladium
1171 4163 1333 4235 provocat,
1348 4172 1443 4233 quem
1460 4147 1585 4232 propria

638 4256 812 4318 temeritate
839 4264 980 4336 usurpat.
1028 4253 1065 4314 ln
1089 4252 1350 4315 constitutionem
1372 4272 1447 4332 ergo
1473 4270 1585 4333 perpe-

636 4365 724 4418 tuam
738 4357 861 4434 incidit,
873 4356 950 4440 quia
966 4355 1022 4439 qui
1037 4355 1180 4436 gladium
1195 4355 1325 4439 accipit,
1336 4354 1443 4437 gladio
1458 4353 1586 4437 peribit.

637 4457 671 4519 Si
695 4478 767 4519 sero
789 4460 822 4520 in
845 4480 884 4520 eo
907 4458 1074 4522 Ciceronis
1097 4457 1269 4521 auctoritas
1293 4455 1497 4540 recipitur,is
1520 4474 1584 4517 raon
