4084 5634
640 863 700 922 108
871 876 1007 921 rennuis
1024 875 1304 920 sunssnnnrunsts
1432 860 1513 939 [tin.
1529 880 1587 923 vu.

636 1041 667 1091 et
684 1026 749 1089 sine
765 1048 829 1110 qua
844 1026 886 1089 nil
903 1039 987 1089 recte
1002 1026 1086 1089 inter
1102 1026 1244 1090 homines
1258 1027 1326 1111 geri
1342 1039 1456 1113 potest
1495 1029 1584 1092 Sient

634 1140 741 1191 autem
756 1127 870 1189 morari
886 1126 918 1189 in
935 1126 1231 1213 justificationibus,
1246 1127 1280 1192 id
1295 1141 1343 1192 est
1358 1128 1389 1192 in
1405 1129 1584 1214 expletione

635 1227 857 1291 mundatorum
879 1228 951 1302 Dei,
966 1228 1139 1313 sapientem
1163 1229 1251 1305 facit,
1269 1235 1356 1308 (num
1377 1243 1409 1294 et
1427 1230 1584 1316 propheta

633 1325 729 1390 dicit:
753 1332 782 1392 Α
792 1327 950 1392 mundatis
961 1328 1025 1393 tuis
1039 1327 1193 1411 intellexi)
1209 1332 1254 1393 sic
1265 1332 1405 1394 animuin
1418 1330 1584 1417 explendis

633 1441 755 1514 aptare,
778 1452 815 1492 eo
839 1430 969 1494 demum
999 1429 1387 1516 pltilosophia‘verissirna
1415 1444 1473 1496 est.
1519 1433 1581 1494 Sed

633 1543 709 1593 sunt
733 1530 790 1617 qni
815 1529 958 1594 nondum
984 1531 1127 1616 explent,
1149 1544 1205 1596 aut
1227 1543 1382 1617 aptantur
1405 1533 1582 1618 explendis,

633 1631 812 1716 approbunt
835 1645 954 1709 tamen,
977 1631 1065 1717 quod
1091 1633 1270 1718 suspiciunt
1293 1633 1325 1697 in
1349 1633 1430 1710 ullis,
1452 1650 1485 1699 et
1508 1635 1583 1711 illis,

632 1745 762 1797 nuctore
780 1737 861 1814 Deo,
875 1733 1056 1798 desiderunt
1081 1735 1281 1800 conformari.
1327 1737 1388 1800 Est
1411 1759 1488 1820 ergo
1508 1760 1582 1820 gra·

633 1832 698 1897 dus
721 1834 987 1898 eminentissimus
1010 1855 1136 1914 eorum,
1161 1834 1217 1920 qui
1244 1834 1276 1899 in
1301 1836 1584 1922 justificationibus

632 1947 846 2023 occupantur3
874 1934 1007 2016 medius,
1021 1956 1157 2021 qnorum
1173 1936 1298 2000 animus
1317 1937 1488 2022 expeditus
1502 1951 1583 2002 esta

633 2035 728 2110 vitiis,
750 2048 786 2101 ut
811 2060 850 2100 ex
875 2059 981 2100 umore
1004 2051 1177 2123 occupetur
1200 2037 1232 2100 in
1254 2036 1335 2112 illis;
1363 2039 1503 2112 infimus,
1525 2042 1582 2126 qni

625 2135 813 2200 desiderant
828 2137 983 2223 expediri,
1001 2151 1037 2201 ut
1061 2138 1121 2201 hoc
1144 2141 1248 2222 ipsum
1265 2138 1487 2224 concupiscere
1501 2160 1585 2224 pos·

633 2237 707 2303 sint.
751 2237 815 2316 Qui
830 2242 889 2302 etsi
912 2260 973 2302 non
997 2240 1071 2318 sint,
1086 2238 1266 2304 desiderant
1290 2252 1394 2302 tamen
1420 2263 1488 2303 esse
1511 2241 1582 2326 plri-

629 2338 766 2425 losophi.
800 2340 928 2404 Horum
939 2361 1104 2425 personant
1117 2338 1263 2403 induerat
1275 2339 1443 2424 propheto,
1453 2339 1579 2406 dicens:

633 2441 828 2526 Concupirit
842 2442 947 2505 anima
961 2462 1032 2504 rnen
1054 2439 1232 2505 desiderare
1249 2440 1493 2526 justificationes
1511 2454 1583 2508 tuas

632 2543 665 2606 in
683 2542 769 2606 omni
793 2563 944 2628 tempore.
988 2543 1073 2626 Ejus
1097 2564 1233 2628 namque
1257 2557 1346 2608 tanta
1368 2556 1416 2607 est
1442 2544 1581 2628 pulchri-

633 2641 725 2716 tudo,
740 2643 827 2727 quod
844 2643 882 2719 si,
898 2656 935 2707 ut
959 2642 1003 2707 uit
1031 2641 1136 2718 Plato,
1153 2641 1252 2707 videri
1277 2655 1381 2728 posset
1397 2643 1498 2707 oculis
1512 2667 1581 2707 cor·

631 2743 729 2828 peric,
756 2765 862 2807 amore
887 2743 1051 2829 sapientire
1076 2740 1264 2808 mirabiliter
1292 2744 1435 2808 homines
1459 2745 1582 2809 inflam-

632 2857 744 2922 maret,
759 2845 839 2908 edeo
856 2844 1000 2927 quidem,
1016 2857 1052 2908 ut
1075 2844 1178 2929 primo
1199 2860 1331 2930 aspectu
1354 2867 1478 2908 necesse
1500 2860 1581 2911 esset

631 2963 740 3004 omnes
755 2942 787 3003 in
801 2963 939 3004 amorem
962 2942 1111 3005 incidere.
1158 2945 1251 3005 Hanc
1274 2957 1360 3007 amat
1384 2957 1416 3007 et
1439 2945 1582 3028 exquirit

631 3063 652 3104 a
668 3041 839 3125 juventute
854 3061 912 3103 sua
926 3040 1029 3103 fidelis
1050 3041 1164 3113 anima,
1180 3043 1270 3126 cujus
1292 3054 1436 3106 senectus
1457 3058 1581 3109 constat

630 3146 663 3207 in
685 3143 843 3227 gravitate
860 3164 1004 3219 mornm3
1033 3155 1065 3206 et
1088 3142 1218 3228 puerilis
1233 3157 1321 3220 retas,
1337 3144 1369 3207 in
1393 3143 1581 3230 ignorantia,

630 3259 662 3310 et
675 3245 799 3309 lubrico
811 3243 972 3309 vitiorum.
1006 3248 1111 3331 Super
1126 3246 1272 3326 sulutem,
1283 3245 1401 3332 inquit,
1413 3261 1444 3311 et
1456 3269 1580 3311 omnem

629 3346 901 3434 pulchritudinem
914 3348 1011 3413 dilexi
1024 3349 1223 3436 sapientiam,
1235 3367 1267 3413 et
1279 3351 1429 3435 proposui
1441 3374 1500 3437 pro
1511 3350 1582 3414 lnce

630 3450 747 3513 habere
761 3450 867 3514 illem:
892 3463 1047 3514 venerunt
1063 3449 1140 3513 mihi
1155 3450 1261 3514 omnia
1277 3450 1359 3512 bono
1373 3449 1492 3536 pariter
1507 3471 1579 3512 cum

629 3549 692 3612 illa.
738 3549 773 3612 Si
787 3571 864 3631 ergo
882 3550 965 3611 bono
985 3549 1091 3611 omnin
1114 3547 1276 3632 snpientioe
1299 3549 1469 3611 accessoria
1493 3563 1581 3625 sunt,

629 3661 662 3711 et
684 3646 885 3731 philosophia
910 3646 1051 3711 studium
1076 3648 1250 3730 supientiae,
1274 3648 1418 3732 profecto
1441 3647 1581 3733 philoso-

630 3747 748 3833 phandi
776 3759 977 3832 contemptus
1006 3747 1160 3810 bonorum
1187 3747 1329 3810 omnium
1355 3748 1497 3815 exclusio
1522 3761 1580 3813 est.

630 3847 727 3912 Unde
741 3845 915 3931 colligitur,
930 3845 1017 3932 quod
1040 3859 1161 3930 quanto
1181 3847 1254 3932 quis
1276 3847 1485 3934 philosophice
1508 3848 1580 3913 dili-

628 3949 758 4036 gentins
772 3946 899 4026 insistit,
913 3970 950 4010 eo
965 3946 1091 4011 fidelius
1105 3961 1137 4011 et
1154 3948 1272 4014 rectius
1286 3949 1327 4013 ad
1348 3949 1577 4015 beatitudinem

630 4051 745 4137 pergit.
793 4049 875 4112 Num
899 4049 1046 4122 virtutes,
1070 4045 1189 4131 quibus
1210 4049 1277 4113 itur
1298 4050 1330 4112 in
1354 4050 1488 4135 singulis
1510 4050 1576 4115 olli·

628 4151 695 4228 ciis,
711 4149 765 4214 illo
787 4148 957 4234 dispenset.
1004 4146 1066 4209 Sed
1090 4149 1166 4231 qnia
1183 4160 1315 4226 veteres,
1330 4147 1401 4212 licet
1425 4172 1464 4212 ex
1488 4165 1578 4236 purte

630 4253 749 4316 animas
763 4250 925 4315 crederent
940 4248 1144 4327 immortales,
1161 4249 1235 4312 vitoe
1257 4263 1396 4331 oeternae,
1412 4275 1483 4337 quoe
1505 4268 1578 4337 post

630 4355 720 4418 istam
744 4354 853 4418 lutura
874 4365 933 4432 est,
947 4351 1087 4415 nondum
1111 4350 1348 4415 instructionem
1372 4373 1578 4438 acceperunt:

630 4475 787 4518 summum
805 4454 921 4519 bonum
946 4456 979 4519 in
995 4454 1114 4518 virtute
1136 4452 1380 4531 constituerunt,
1397 4476 1461 4541 quo
1483 4454 1576 4541 plone
