4084 5634
555 908 625 953 car.
642 893 705 968 xa]
903 911 1156 956 mnrcnarrcus.
1241 921 1244 924 ⁴
1441 897 1503 958 261

556 1060 658 1123 tutius
674 1061 715 1124 sit
732 1061 854 1145 fugere,
869 1073 901 1124 et
917 1059 1000 1124 illius
1020 1060 1176 1125 declinare
1199 1064 1391 1125 conflictum.
1438 1063 1504 1124 Nec

536 1138 683 1223 ῖὲἷιῖιῖἰ
707 1183 888 1246 quenquam
915 1183 965 1225 me
991 1161 1150 1225 invenisse
1175 1161 1215 1225 de
1241 1161 1505 1247 provocatoribus

556 1260 770 1346 voluptatum,
788 1284 882 1346 quem
907 1284 969 1324 non
993 1262 1123 1347 legerim
1148 1262 1306 1328 cecidisse.
1352 1263 1403 1325 Eo
1423 1262 1505 1326 forte

555 1374 700 1447 spectant
729 1363 881 1447 figmenta
917 1362 1051 1447 poetica,
1082 1386 1155 1448 quae
1184 1362 1274 1447 orgia
1303 1363 1369 1426 sine
1398 1364 1506 1427 furore

557 1476 714 1527 transacta
735 1486 798 1526 non
819 1465 973 1539 recolunt,
992 1487 1049 1527 nee
1071 1466 1261 1528 erubescunt
1280 1485 1368 1527 sacra
1390 1463 1505 1528 Bacchi

555 1586 678 1637 eruore,
694 1565 881 1650 parricidiis,
895 1579 927 1628 et
943 1564 1175 1650 multiplicibus
1194 1564 1322 1649 flagitiis
1337 1565 1505 1629 maculare.

557 1665 617 1728 Est
631 1680 783 1749 praeterea
797 1665 829 1729 in
844 1665 997 1729 conviviis
1008 1666 1253 1740 observandum,
1266 1679 1301 1730 nt
1313 1666 1508 1731 instruendae

557 1765 696 1845 familiae,
712 1782 743 1830 et
759 1766 873 1831 domus
895 1767 1043 1852 regendae
1064 1789 1152 1847 cura,
1167 1782 1199 1831 et
1221 1766 1344 1830 servilis
1362 1767 1506 1852 obsequii

557 1869 743 1946 moderatio,
765 1873 821 1933 uni
843 1868 936 1932 alicui
960 1868 1181 1945 demandetur,
1197 1890 1236 1932 ne
1259 1868 1339 1954 quid
1362 1868 1505 1955 ineptum

557 1981 590 2032 et
618 1969 811 2054 imparatum
840 1985 1002 2056 appareat,
1033 1992 1072 2032 ne
1101 1969 1180 2056 quid
1216 1969 1420 2054 stupendum,
1449 1984 1507 2035 aut

558 2070 806 2136 erubescendum
830 2086 981 2155 emergat,
997 2094 1036 2134 ne
1058 2070 1222 2136 dominum
1244 2085 1390 2156 oporteat
1410 2071 1451 2135 ad
1474 2094 1508 2135 sa

556 2171 766 2255 gerendorum
790 2195 934 2237 revocare
957 2172 1202 2251 solicitudinem,
1217 2185 1248 2236 et
1273 2185 1310 2236 ut
1331 2172 1392 2236 dici
1416 2176 1507 2250 solet,

557 2277 648 2363 quasi
665 2274 695 2336 in
712 2275 852 2339 humeris
872 2290 999 2361 portare
1019 2274 1177 2339 convivas.
1223 2275 1310 2338 Vitet
1328 2274 1435 2352 etiam,
1450 2275 1507 2361 qui

557 2375 689 2438 conviva
698 2377 796 2439 comis
807 2399 873 2439 esse
886 2375 1033 2450 voluerit,
1041 2373 1226 2438 consiliandi
1235 2374 1508 2454 consuetudinem,

558 2476 712 2561 verbique
727 2477 837 2540 secreti
850 2476 986 2539 faciendi
1002 2497 1131 2550 morem,
1143 2498 1181 2538 eo
1193 2474 1280 2559 quod
1295 2475 1328 2538 in
1344 2477 1508 2554 conviviis,

558 2577 591 2639 id
621 2591 681 2656 cst,
707 2577 738 2641 in
764 2577 910 2663 jucundo
939 2576 1111 2641 amicorum
1141 2577 1379 2640 convivantium
1410 2593 1508 2654 coetu,

558 2678 675 2743 debent
702 2683 808 2742 omnia
830 2701 897 2741 esse
919 2678 1017 2752 nuda,
1042 2678 1128 2741 etin
1155 2672 1318 2742 amore'et
1341 2674 1405 2742 fide
1428 2679 1508 2743 nihil

558 2779 654 2843 debet
678 2793 759 2843 esset
784 2778 1017 2856 absconditum,
1043 2779 1146 2844 sedai
1170 2779 1238 2844 fieri
1261 2793 1378 2865 posset,
1400 2784 1509 2846 oculos

558 2882 590 2944 in
616 2892 743 2965 pectora
762 2904 820 2946 sua
841 2881 973 2945 invicem
999 2895 1114 2946 mutuo
1135 2883 1305 2946 transferre
1326 2898 1508 2968 conspectu.

560 2983 678 3047 Nullus
700 2982 782 3046 enim
806 2982 905 3063 locus,
926 2982 1096 3046 actitandis
1114 2983 1265 3059 consiliis,
1279 2996 1336 3048 aut
1353 2985 1406 3048 vix
1423 2983 1509 3049 ullus

557 3081 694 3169 ineptior
708 3095 765 3147 est.
812 3082 978 3168 Siquidem
995 3082 1092 3145 verba
1114 3096 1233 3146 secreta
1254 3086 1355 3147 solent
1370 3082 1510 3147 assiden-

558 3186 644 3248 tibus
658 3183 796 3248 exclusis
810 3207 876 3246 esse
887 3182 1027 3247 molesta.
1075 3183 1158 3247 Nam
1173 3184 1242 3270 ipsa
1256 3183 1396 3249 exclusio
1412 3184 1508 3249 habet

558 3285 727 3369 imaginem
754 3284 948 3349 diffidentiae.
995 3284 1057 3348 Sed
1088 3297 1120 3349 et
1150 3285 1182 3348 in
1210 3286 1271 3359 his,
1299 3307 1373 3370 quae
1403 3285 1508 3370 palam

559 3382 718 3463 dicentur,
739 3383 877 3448 fideliter
899 3383 1121 3467 exequendum
1144 3384 1216 3460 erit,
1238 3383 1325 3469 qnod
1348 3384 1381 3446 in
1404 3384 1510 3469 primo

557 3484 640 3549 libro
665 3485 706 3549 de
732 3484 877 3567 analogia
906 3483 1031 3569 scripsit
1062 3485 1099 3548 C.
1127 3483 1286 3548 Claudius
1312 3485 1430 3560 Caesar,
1458 3484 1507 3551 vit·

558 3585 741 3651 excellentis
755 3586 884 3669 ingenii,
900 3607 1086 3671 magnasque
1101 3586 1290 3671 prudentiae.
1328 3586 1387 3650 Ait
1401 3585 1506 3652 enim:

560 3691 730 3775 Tanquam
754 3686 919 3774 scopulum
946 3702 1054 3751 nautae
1080 3688 1222 3773 fugiunt,
1248 3689 1290 3752 sic
1316 3688 1507 3773 fugiendum

558 3805 606 3856 est
629 3790 812 3874 infrequens
837 3801 935 3872 atque
960 3786 1098 3851 insolens
1119 3789 1263 3854 verbum.
1307 3790 1353 3854 Et
1375 3788 1507 3876 quidem

559 3912 724 3954 numerum
750 3888 955 3953 convivarum
979 3904 1201 3973 expresserunt
1226 3888 1363 3972 antiqui,
1387 3901 1425 3952 ut
1450 3911 1507 3952 nec

558 3993 723 4077 pauciores
744 4005 860 4068 essent,
875 4013 973 4076 quam
995 3990 1118 4074 gratiae,
1134 4013 1209 4075 quae
1230 3990 1425 4054 clauduntur
1447 4005 1508 4054 ter·

559 4095 659 4170 nario,
675 4117 732 4158 nec
749 4093 857 4179 plures
878 4114 974 4177 qnam
996 4093 1117 4166 Musae,
1133 4091 1167 4154 id
1187 4105 1246 4165 est,
1262 4112 1386 4168 novem,
1402 4092 1506 4157 autin

559 4217 692 4271 summa,
709 4194 894 4258 Gratiarum
911 4205 944 4256 et
961 4193 1130 4254 Musarum
1146 4188 1310 4276 explerent
1326 4213 1506 4270 numerum,

559 4296 598 4358 ad
614 4294 843 4360 duodenarium
865 4293 1081 4358 ascendentes.
1127 4293 1277 4357 Obtinuit
1300 4306 1403 4357 tamen
1420 4294 1506 4381 apud

559 4419 611 4458 eos
634 4397 689 4482 qui
713 4398 830 4461 rectius
851 4397 1030 4474 intuentur,
1052 4409 1088 4460 ut
1110 4394 1140 4457 in
1161 4394 1211 4459 his
1232 4393 1369 4458 officium
1393 4396 1507 4481 patris·

557 4497 692 4560 familias
707 4495 855 4561 latissime
870 4509 986 4581 pateat.
