4084 5634
548 849 611 908 306
803 861 939 906 Joannrs
955 859 1236 906 saassannransts
1327 843 1410 922 [rra.
1426 860 1499 906 vm.

549 1035 671 1076 venam.
710 1014 853 1089 Quartus
867 1012 908 1076 ab
923 1034 941 1075 a
1006 1011 1067 1076 titu
1090 1011 1290 1089 celebritatis,
1305 1023 1338 1075 et
1353 1032 1501 1074 reveren·

549 1115 615 1190 tiae,
641 1113 717 1176 dum
745 1114 946 1177 eminentiam
974 1096 1292 1196 quaer'itsl'alfftcifer‘
1305 1110 1499 1176 intumescit.

549 1218 630 1279 Haec
653 1228 728 1279 sunt
753 1226 894 1300 quatuor
919 1212 1062 1289 flumina,
1086 1236 1159 1299 quae
1182 1211 1356 1277 infundunt
1381 1223 1414 1284 et
1439 1213 1499 1275 oir-

547 1327 699 1379 cumeunt
728 1317 849 1390 orbem,
879 1328 911 1380 et
940 1314 980 1378 de
1010 1314 1097 1378 fonte
1134 1337 1289 1400 perversae
1323 1315 1499 1380 voluntatis

547 1417 734 1492 scaturiunt,
761 1417 818 1502 qui
846 1416 952 1481 sedem
980 1417 1098 1481 habent
1124 1417 1155 1481 in
1181 1417 1256 1493 imo,
1282 1429 1313 1480 et
1343 1416 1497 1500 originem

549 1517 742 1582 contrahunt
753 1539 772 1580 a
783 1517 852 1580 luto
864 1516 1022 1579 vanitatis.
1049 1518 1155 1593 Quum
1169 1528 1275 1579 autem
1287 1516 1497 1592 excreverint,

545 1619 687 1684 diversos
701 1643 739 1684 ex
756 1641 789 1683 se
803 1618 934 1704 pariunt
949 1617 1043 1690 rivos,
1060 1632 1092 1682 et
1113 1618 1202 1704 quasi
1217 1617 1500 1681 intumescentibus

546 1720 637 1806 aquis
656 1719 782 1799 diluvii,
802 1717 957 1781 mundum
973 1718 1127 1798 obruunt,
1141 1718 1312 1783 animantia
1327 1718 1499 1802 perimunt,

546 1835 578 1885 et
603 1821 648 1884 sic
673 1821 779 1884 omnia
804 1818 920 1893 delent,
944 1833 981 1883 ut
1008 1835 1093 1883 terra
1121 1819 1218 1883 videri
1247 1819 1344 1905 possit
1368 1819 1400 1882 in
1425 1818 1499 1882 soli-

546 1923 689 1986 tudinem
721 1921 903 2004 redigenda,
930 1920 989 1983 nisi
1018 1920 1095 2007 quia
1125 1943 1252 2005 paucas,
1279 1918 1310 1983 id
1341 1933 1398 1996 est,
1425 1934 1499 1985 octo

546 2024 676 2100 animas,
704 2025 941 2086 resurrectionis
968 2023 1085 2087 scilicet
1112 2022 1204 2101 titios,
1227 2021 1341 2086 domus
1368 2022 1497 2085 Domini

545 2147 617 2187 arca
632 2137 804 2187 conservat.
852 2123 895 2185 Hi
913 2135 986 2186 sunt
1004 2125 1125 2209 utique,
1141 2146 1224 2209 quos
1241 2146 1281 2186 ex
1299 2124 1384 2187 omni
1404 2146 1499 2187 carne

545 2220 704 2288 Dominus
718 2222 891 2310 praeelegit.
923 2228 1150 2287 Verumtamen
1166 2225 1224 2309 qui
1240 2224 1357 2288 suntin
1374 2224 1498 2288 diluvio

543 2345 701 2412 aquarum
731 2326 916 2401 multarum,
947 2326 988 2390 ad
1018 2348 1092 2388 eum
1122 2348 1183 2389 non
1214 2326 1497 2413 approximabunt.

543 2433 587 2493 Et
611 2429 740 2515 quidem
764 2451 852 2492 amor
873 2427 1043 2500 commodi,
1068 2427 1194 2514 dequo
1220 2429 1409 2513 praedictum
1436 2442 1497 2507 est,

542 2527 600 2592 has
615 2529 704 2614 quasi
721 2528 752 2592 in
769 2551 854 2592 mare
869 2532 970 2592 altum
986 2527 1094 2591 fundit
1110 2551 1223 2614 aquas,
1241 2541 1271 2592 et
1288 2529 1497 2594 invalescente

543 2630 674 2707 malitia,
691 2634 778 2694 velut
795 2629 961 2694 cataractis
976 2629 1049 2694 coeli
1069 2631 1197 2714 apertis,
1212 2631 1314 2693 varias
1329 2630 1412 2715 pluit
1429 2635 1496 2695 Do·

542 2731 660 2811 minus,
670 2732 702 2794 in
714 2746 922 2815 augmentum
939 2730 1064 2807 diluvii,
1077 2729 1282 2816 delinquendi
1297 2733 1494 2805 occasiones;

542 2834 729 2917 permittens
752 2846 789 2896 ut
812 2833 975 2897 subtracta
996 2833 1112 2916 gratia,
1134 2832 1189 2918 qui
1213 2832 1244 2895 in
1268 2832 1415 2896 sordibus
1436 2847 1496 2910 est,

542 2935 701 2998 sordescat
717 2933 864 3018 amplius,
877 2945 908 2996 et
923 2955 1017 3018 quem
1032 2933 1159 3019 proprio
1171 2934 1341 3000 committit
1353 2935 1496 3011 arbitrio,

542 3035 632 3120 quasi
650 3035 802 3097 ulciscens
816 3035 900 3099 ferit.
940 3035 1012 3096 Non
1028 3036 1116 3120 quod
1133 3039 1311 3122 appetitum
1327 3037 1497 3111 commodi,

542 3139 568 3200 si
585 3147 781 3222 temperatus
800 3135 852 3215 sit,
867 3134 969 3198 dicam
993 3158 1060 3198 esse
1074 3134 1278 3222 culpabilem,
1294 3152 1351 3202 aut
1374 3139 1495 3224 copiam

541 3258 647 3304 rerum
661 3241 880 3314 sufficientem,
890 3252 947 3302 aut
960 3238 1103 3303 laetitiam
1117 3241 1240 3316 mentis,
1251 3253 1306 3305 aut
1319 3245 1495 3305 naturalem

542 3342 699 3407 libertatis
720 3363 871 3422 amorem,
892 3356 949 3407 aut
972 3342 1132 3408 eminendi
1156 3341 1303 3408 meritum
1327 3345 1440 3409 ducam
1461 3344 1494 3407 in

541 3446 689 3508 crimine:
718 3444 771 3508 sed
789 3443 869 3508 nihil
884 3445 1015 3510 istorum
1032 3445 1119 3531 quod
1137 3447 1304 3531 pollicetur
1318 3445 1428 3519 aliern
1457 3471 1496 3511 eo

540 3544 671 3630 quidem
684 3545 779 3606 modo
794 3567 860 3630 quo
875 3547 1043 3630 quaeritur,
1056 3547 1250 3610 contrarium
1266 3547 1372 3631 potius
1384 3569 1494 3631 opera-

539 3657 595 3708 tur
620 3643 778 3706 all'ectum.
816 3648 897 3707 Haec
921 3659 1028 3708 autem
1053 3646 1159 3708 omnia
1179 3647 1261 3709 bona
1285 3658 1370 3726 sunt,
1391 3646 1416 3709 si
1438 3647 1494 3724 eis,

539 3746 673 3809 docente
688 3744 803 3827 gratia,
815 3759 900 3808 recte
915 3745 1000 3808 lilius
1014 3744 1167 3809 adversus
1182 3768 1306 3809 carnem
1324 3746 1447 3812 luctans
1462 3762 1495 3813 et

539 3845 735 3933 sanguinem,
762 3857 794 3909 et
816 3866 834 3909 a
860 3858 952 3932 patre
977 3846 1089 3931 gaudii
1115 3860 1147 3912 et
1170 3846 1376 3914 exultationis
1402 3850 1496 3912 bene-

540 3946 710 4028 dicendus,
733 3960 855 4020 utatur,
871 3961 902 4012 et
926 3948 1044 4013 eisdem
1068 3949 1158 4036 quasi
1178 3948 1304 4025 florido,
1327 3949 1494 4034 frugifero,

537 4065 568 4116 et
580 4049 727 4137 jucundo
741 4049 887 4114 induitur
910 4052 1108 4115 vestimento.
1149 4054 1181 4116 Si
1199 4075 1273 4114 vero
1294 4052 1495 4136 sanguineus,

538 4154 704 4237 fraterque
715 4151 861 4226 carnalis,
873 4165 1077 4216 contemnens
1087 4152 1198 4216 matris
1207 4154 1320 4234 gratioe
1331 4152 1493 4218 familiari-

538 4264 647 4327 tatem,
672 4251 739 4314 boec
765 4250 872 4313 omnia
898 4272 1021 4313 morum
1049 4250 1234 4313 indumenta
1262 4266 1407 4336 usurpet,
1435 4275 1492 4315 nec

536 4353 689 4438 fragrant,
707 4375 763 4416 nec
783 4353 907 4427 decent,
923 4373 979 4414 nec
996 4351 1153 4436 pascendo
1177 4352 1331 4417 reficiunt.
1372 4355 1416 4417 Et
1432 4354 1491 4415 hoc

536 4468 584 4517 est
609 4456 690 4516 forte
716 4454 801 4540 quod
831 4466 933 4518 vestes
955 4457 1042 4517 Esau
1072 4453 1224 4539 placuisse
1251 4457 1434 4521 scribuntur
1456 4456 1489 4518 in
