4084 5634
544 805 618 852 cas.
637 789 700 871 rx]
884 808 1141 855 merueramus.
1431 792 1493 855 251

543 967 653 1020 venter
667 957 831 1045 impletur,
846 972 903 1024 aut
924 959 980 1025 ubi
1002 960 1139 1025 clamore
1161 959 1306 1025 anserino
1328 971 1359 1023 et
1379 959 1499 1046 ineptis

543 1056 671 1138 fabulis,
686 1060 831 1123 convivia
846 1072 1061 1147 perstrepunt.
1108 1061 1176 1125 Nec
1191 1071 1238 1124 est
1260 1057 1317 1145 qui
1336 1059 1496 1124 Musicam

543 1171 659 1236 arceat,
674 1181 774 1243 quum
791 1181 842 1223 ars
863 1159 1011 1224 innocens
1034 1161 1085 1234 sit,
1102 1159 1182 1223 adeo
1204 1158 1346 1246 quidem,
1371 1171 1407 1223 ut
1429 1181 1496 1223 eam

546 1259 692 1325 Socrates
706 1260 825 1327 discere
839 1262 872 1325 in
889 1275 1051 1327 senectute
1063 1261 1231 1327 curaverit.

648 1375 800 1429 cantabunt
810 1376 875 1428 mihi
887 1377 1034 1443 Damoetas,
1048 1385 1074 1432 et
1087 1377 1175 1429 Licius
1187 1376 1285 1444 AEgon,

542 1458 635 1524 civile
650 1474 713 1526 eat:

647 1561 780 1616 Saltantes
793 1562 900 1632 Satyros
911 1563 1055 1614 imitabitur
1066 1560 1264 1634 Alphesiboeus,

542 1664 583 1729 ad
610 1666 734 1753 plebeia
760 1667 884 1731 transit.
931 1666 993 1730 llla
1007 1688 1084 1750 ergo
1106 1689 1181 1752 quae
1200 1666 1326 1752 aptiora
1352 1680 1437 1743 sunt,
1464 1681 1497 1733 et

542 1768 628 1832 vitiis
647 1770 749 1853 magis
768 1769 911 1844 adversa,
934 1767 1125 1855 proferenda
1144 1780 1219 1832 sunt
1242 1768 1350 1846 verba,
1372 1781 1403 1832 et
1422 1793 1497 1858 quae

543 1867 703 1932 luxuriam
721 1868 885 1955 jugulant,
900 1881 1006 1932 amota
1020 1881 1126 1932 tamen
1146 1867 1196 1931 vel
1213 1870 1302 1932 tenui
1318 1869 1496 1956 suspicione

542 1971 695 2035 avaritiae.
741 1970 827 2037 Licet
844 1971 927 2035 enim
942 1969 1228 2057 intemperantibus
1243 1971 1284 2034 sit
1298 1971 1401 2058 sopita
1416 1992 1497 2035 vena

542 2072 672 2158 ingenii,
699 2095 761 2137 non
785 2074 914 2138 omnino
940 2074 1115 2139 extinctam
1146 2095 1226 2149 esse,
1250 2086 1409 2138 correctus
1435 2075 1496 2138 Po-

542 2173 637 2238 lemio
667 2174 756 2240 testis
779 2191 838 2241 est.
885 2176 949 2242 Hic
978 2190 1084 2241 autem
1108 2175 1242 2262 perditae
1263 2175 1399 2242 luxuriae
1421 2176 1497 2240 ado-

541 2275 660 2342 lescens
670 2278 807 2343 Athenis
818 2279 893 2354 fuit,
903 2301 1005 2364 neque
1016 2278 1174 2342 illecebris
1185 2279 1254 2366 ejus
1265 2278 1502 2366 tantummodo,

540 2378 594 2442 sed
616 2392 647 2443 et
662 2377 732 2467 ipsa
749 2381 880 2445 infamia
900 2380 1054 2466 gaudens.
1100 2381 1208 2458 Quum
1223 2403 1241 2444 e
1261 2380 1417 2461 convivio,
1432 2403 1495 2445 non

540 2494 613 2562 post
635 2505 780 2546 occasum
805 2482 898 2558 Solis,
921 2481 975 2545 sed
998 2494 1071 2567 post
1093 2493 1194 2545 ortem
1217 2482 1416 2559 surrexisset,
1439 2482 1496 2546 do-
1564 2536 1565 2539 η

540 2602 694 2666 mumque
709 2581 844 2658 rediens,
860 2582 1048 2646 Xenocratis
1066 2580 1246 2667 philosophi
1266 2593 1426 2667 patentem
1444 2583 1496 2668 ja·

542 2703 637 2744 nuam
654 2682 796 2759 vidisset,
808 2683 882 2746 vino
896 2682 1015 2767 gravis,
1028 2681 1202 2767 unguentis
1218 2681 1391 2763 delibutus,
1403 2684 1496 2749 sertis

540 2784 645 2870 capite
674 2784 831 2865 redimito,
860 2785 1024 2870 perlucida
1055 2794 1140 2849 veste
1169 2785 1315 2859 amictus,
1344 2786 1492 2851 refertam

541 2885 637 2951 turba
651 2886 815 2952 doctorum
833 2887 996 2952 hominurn
1020 2886 1158 2951 scholam
1175 2890 1247 2975 ejus
1262 2887 1411 2969 intravit:
1436 2911 1493 2954 nec

542 2999 710 3052 contentus
732 3001 796 3053 tam
819 2989 954 3053 deformi
977 2991 1123 3066 introitu,
1146 2989 1307 3064 consedit;
1333 3002 1365 3055 et
1382 3003 1418 3056 ut
1433 2990 1495 3056 cla-

541 3088 699 3154 rissimum
728 3091 905 3177 eloquium,
931 3104 963 3155 et
988 3090 1233 3177 prudentissima
1258 3106 1422 3178 praecepta
1449 3105 1495 3158 te-

539 3189 701 3255 mulentiae
712 3190 848 3256 lasciviis
863 3191 1011 3257 elevaret.
1050 3191 1132 3258 Orta
1147 3192 1274 3271 deinde,
1288 3209 1325 3258 ut
1340 3216 1398 3279 par
1414 3208 1492 3269 erat,

539 3290 680 3355 omnium
704 3291 932 3377 indignatione,
955 3298 1152 3358 Xenocrates
1174 3297 1299 3357 vultum
1323 3294 1354 3357 in
1382 3296 1493 3385 eodem

540 3391 652 3457 habitu
673 3393 844 3473 continuit,
865 3393 1045 3479 omissaque
1069 3417 1114 3471 re,
1137 3416 1234 3480 quam
1251 3394 1438 3475 disserebat,
1453 3395 1494 3461 de

538 3493 693 3558 modestia
714 3516 752 3558 ac
768 3491 977 3579 temperantia
998 3491 1087 3578 loqui
1109 3491 1217 3578 coepit.
1263 3491 1367 3580 Cujus
1388 3493 1494 3577 gravi-

539 3606 604 3658 tate
634 3591 786 3659 sermonis
814 3592 995 3678 resipiscere
1017 3601 1145 3656 coactus
1175 3590 1327 3672 Polemio,
1354 3593 1491 3679 primum

538 3717 684 3760 coronam
707 3694 804 3781 capiti
827 3694 1001 3759 detractam
1028 3694 1183 3781 projecit:
1207 3693 1304 3780 paulo
1325 3708 1398 3780 post
1421 3694 1492 3759 bra-

539 3798 644 3863 chium
671 3798 755 3862 intra
784 3795 914 3883 pallium
941 3797 1083 3861 reduxit.
1128 3795 1324 3861 Procedente
1349 3806 1491 3883 ternpore

538 3901 602 3964 oris
631 3897 801 3964 conrivalis
829 3897 1021 3962 hilaritatem
1052 3897 1211 3983 deposuit.
1257 3896 1308 3960 Ad
1339 3895 1488 3987 ultimum

539 4016 638 4068 totam
654 4002 815 4066 luxuriam
830 4000 931 4076 exuit,
945 4000 1103 4084 uniusque
1115 4000 1268 4061 orationis
1283 3995 1491 4062 saluberrima

539 4105 695 4171 medicina
705 4116 844 4183 sanatus,
855 4125 895 4166 ex
911 4101 1021 4166 infami
1031 4123 1173 4186 ganeone
1184 4103 1341 4165 maximus
1354 4099 1492 4186 philoso-

539 4208 624 4293 phus
638 4208 748 4271 evasit.
779 4204 1004 4288 Peregrinatus
1019 4216 1066 4267 est
1083 4203 1191 4288 itaque
1207 4200 1307 4287 hujus
1321 4200 1445 4266 animus
1459 4202 1491 4269 in

538 4309 691 4396 nequitia,
714 4330 771 4372 nec
794 4306 968 4371 habitavit:
993 4304 1123 4369 divertit
1139 4302 1284 4389 paulum,
1304 4303 1358 4368 sed
1374 4325 1492 4389 nequa.

539 4434 634 4497 quam
651 4409 844 4474 domicilium
860 4409 940 4473 fixit.
988 4411 1152 4473 Postremo
1169 4426 1268 4468 unum
1285 4404 1387 4469 estad
1405 4410 1492 4491 quod
