4084 5634
538 841 607 887 cra.
626 821 663 905 1.]
884 838 1140 885 romcaarrcus.
1425 826 1484 885 201

536 994 591 1057 ubi
613 996 696 1057 male
717 995 803 1058 dicta
824 992 991 1069 invenerit,
1011 993 1153 1056 sincerus
1171 989 1288 1075 judex,
1304 1000 1335 1053 et
1356 1011 1416 1053 nec
1440 991 1489 1056 in-

538 1096 644 1173 vidiae,
668 1118 729 1160 nee
755 1096 831 1173 odii,
853 1116 913 1159 nec
940 1095 1069 1157 alterius
1094 1095 1273 1157 affectionis
1298 1104 1389 1156 motu
1414 1115 1489 1157 cou·

538 1216 661 1271 cussus,
681 1196 898 1261 testimonium
921 1193 962 1255 de
984 1196 1068 1258 malo
1088 1194 1264 1278 perhibeat,
1280 1202 1312 1256 et
1333 1192 1388 1260 ubi
1408 1193 1491 1256 bene

539 1296 661 1377 dixero,
675 1321 740 1362 non
756 1319 808 1362 me
824 1295 936 1361 caedat.
975 1296 1063 1358 Mihi
1085 1307 1191 1359 tamen
1208 1316 1266 1378 pro
1286 1294 1419 1357 minimo
1433 1303 1493 1371 est,

539 1399 566 1462 si
581 1399 775 1464 innocentiae
791 1421 871 1462 meae
888 1397 987 1480 gratis
1009 1396 1183 1460 detrahitur
1197 1418 1216 1459 a
1231 1395 1395 1484 perversis,
1412 1417 1493 1478 quos

540 1501 702 1565 emendari
718 1503 845 1575 vellem,
861 1501 889 1563 si
909 1521 960 1563 me
975 1510 1082 1562 tamen
1102 1497 1309 1578 benignitatis
1322 1507 1386 1560 tuae
1406 1497 1493 1561 saror

539 1604 714 1687 exceperit.
742 1603 902 1686 Quicquid
912 1613 1018 1665 autem
1030 1597 1269 1682 apraesentibus
1279 1599 1390 1681 patiar,
1400 1620 1493 1682 spero

539 1715 669 1768 auctore
689 1706 772 1778 Deo,
788 1714 821 1768 et
842 1704 982 1780 caritate,
998 1720 1062 1786 qua
1081 1721 1194 1782 urgeor
1214 1699 1254 1764 ad
1278 1701 1495 1780 scribendum,

539 1805 618 1867 mihi
635 1816 804 1890 praestante
826 1803 988 1881 fiduciam,
1004 1802 1091 1888 quod
1105 1803 1205 1866 labori
1228 1823 1300 1866 meo
1315 1803 1414 1886 gratia
1428 1825 1493 1867 non

542 1905 643 1969 deerit
656 1916 864 1991 posterorum.
895 1906 980 1970 Odio
996 1905 1166 1990 siquidem,
1181 1907 1232 1969 vel
1247 1926 1365 1983 amore,
1375 1905 1409 1968 in
1423 1926 1496 1988 par·

542 2018 606 2071 tem
621 2010 800 2073 alterutram
821 2010 1025 2094 praesentium
1045 2010 1231 2092 plerumque
1245 2006 1371 2092 judicia
1391 2008 1494 2090 prola·

540 2111 670 2174 buntur.
709 2112 800 2175 Nihil
821 2111 972 2195 equidem
993 2111 1142 2196 praesenti
1162 2110 1251 2195 operi
1266 2131 1307 2173 ex
1328 2109 1495 2193 proposito

540 2210 702 2293 inseretur,
729 2214 817 2297 quod
845 2235 911 2277 non
937 2214 978 2277 sit
1009 2214 1143 2293 ratione,
1168 2214 1217 2275 vel
1245 2210 1496 2297 praecedentium

540 2314 727 2396 scriptorum
750 2316 942 2380 auctoritate
966 2315 1148 2378 subnixum.
1189 2315 1227 2376 ln
1251 2313 1369 2397 quibus
1388 2322 1495 2376 tamen

542 2414 619 2501 quid
641 2418 843 2500 sequendum
867 2419 920 2496 sit,
939 2419 1069 2482 lectoris
1088 2417 1285 2500 relinquetur
1302 2414 1442 2492 arbitrio,
1450 2408 1498 2477 ’ut

541 2521 687 2604 procula
705 2522 835 2584 nomine
853 2542 926 2583 meo
949 2520 1061 2584 seciam
1085 2520 1209 2595 vitium,
1224 2530 1257 2582 et
1278 2528 1386 2581 notam
1409 2539 1497 2580 men-

543 2619 651 2682 tiendi.
683 2619 747 2683 Sed
762 2622 833 2683 baec
849 2620 1013 2683 hactenus.
1046 2620 1141 2683 Nune
1157 2630 1353 2681 transeamus
1367 2617 1401 2679 in
1416 2617 1497 2700 Epi-

542 2742 708 2784 cureorum
730 2731 842 2797 castra,
857 2731 890 2783 et
905 2718 991 2803 quod
1015 2718 1060 2781 ibi
1080 2740 1140 2803 pro
1163 2731 1251 2783 certo
1270 2719 1366 2781 fuerit
1384 2719 1498 2802 explo-

541 2833 656 2896 ratum,
671 2823 704 2885 in
720 2821 862 2885 medium
879 2821 1062 2905 proseratur.
1093 2819 1176 2884 Nam
1193 2820 1235 2884 ad
1250 2842 1358 2885 eorum
1374 2831 1497 2886 sectam

541 2924 759 3014 indubitanter
774 2924 928 3007 pertinere
945 2937 1133 2998 noscuntur,
1146 2923 1201 3007 qui
1216 2924 1248 2986 in
1265 2922 1415 2986 omuibus
1428 2944 1499 3007 pro-

541 3027 619 3110 priae
635 3027 775 3090 serviunt
789 3026 954 3089 voluntati.

545 3293 625 3376 Cap.
646 3297 672 3355 l.
699 3293 790 3367 Quod
802 3293 1005 3357 Gnathonico
1019 3293 1391 3356 sabearrtrasontaaae:
1414 3303 1445 3357 at
1460 3294 1500 3358 de

585 3400 701 3476 neptam
711 3393 949 3476 principalibus
963 3395 1062 3468 vitiis,
1075 3402 1106 3456 at
1120 3395 1246 3475 sequela
1258 3414 1376 3470 eorum,
1388 3416 1500 3458 aecan-

587 3497 665 3558 dum
693 3495 820 3559 beatum
848 3495 1057 3575 Gregoriam:
1091 3502 1122 3558 et
1147 3497 1234 3577 quod
1260 3498 1373 3560 inania
1393 3499 1498 3581 gloria

587 3596 721 3658 nobilem
736 3595 829 3658 tabet
841 3602 956 3658 ortum.

589 3726 628 3786 ln
659 3733 726 3788 totu
761 3744 835 3804 ergo
868 3722 1102 3804 Epicureorum
1131 3723 1250 3788 familia
1285 3726 1420 3808 insignis
1449 3737 1498 3793 eat

544 3825 687 3902 Thras03
720 3836 752 3887 et
780 3826 856 3888 licet
880 3845 946 3888 non
973 3824 1087 3887 exierit
1112 3825 1244 3906 primus,
1271 3836 1325 3889 aut
1355 3827 1497 3888 omnium

544 3925 665 4008 primus
685 3923 854 3988 habendus
874 3935 934 4001 est,
949 3935 1084 3988 autnon
1100 3925 1252 3986 minimus
1267 3925 1350 3988 iuter
1365 3927 1496 4008 primos.

544 4027 587 4090 Ei
611 4048 762 4111 namque,
787 4027 864 4089 lieet
889 4027 1018 4109 ineptus
1049 4026 1101 4101 sit,
1128 4036 1194 4088 tota
1220 4026 1497 4089 Gnathonicorum

546 4130 643 4192 factio
658 4130 836 4193 famulatur.
874 4129 919 4192 Et
935 4128 1014 4190 sorte
1031 4126 1184 4191 Comicus
1204 4124 1278 4189 ideo
1293 4127 1498 4192 Gnathonem

544 4229 722 4293 introduxit
750 4251 873 4294 servum
901 4229 1011 4292 militis
1041 4228 1181 4311 gloriosi,
1204 4239 1240 4292 ut
1266 4229 1426 4311 eleganter
1452 4229 1499 4294 in-

546 4344 667 4405 nueret,
684 4332 833 4417 quoniam
849 4343 882 4396 et
902 4333 936 4395 in
956 4331 1019 4395 rita
1040 4330 1205 4394 hominum
1227 4332 1304 4394 etin
1326 4314 1496 4397 assertione

547 4422 1258 4498 morumsubestGnathouieaThrasoniauae.
1279 4435 1498 4507 Alteratamen
