4084 5634
431 327 933 576 (menime

625 853 705 935 ‘130
898 886 1034 932 somnis
1049 883 1328 930 ssnnsnnnmnsrs
1433 867 1515 944 [ure.
1532 883 1590 931 mr.

641 1040 707 1103 tali.
752 1041 825 1120 Ego
841 1039 997 1123 siquidem
1012 1039 1103 1101 illum
1126 1058 1250 1122 sequar,
1266 1037 1322 1120 qui
1336 1037 1459 1099 literam
1479 1039 1593 1120 sperit,

642 1149 675 1202 et
698 1141 790 1221 quasi
812 1137 982 1222 superficie
1005 1136 1176 1220 patefacta,
1196 1154 1336 1212 sensum,
1354 1146 1391 1197 ut
1411 1136 1457 1199 ita
1478 1136 1595 1214 dicem,

641 1239 826 1302 historicum
842 1239 950 1303 docet.

641 1408 722 1490 Cap.
742 1413 790 1472 13.
816 1410 896 1483 Qua
918 1408 987 1472 sint
1006 1409 1188 1472 necessario
1206 1415 1237 1471 el
1256 1407 1349 1488 quud
1367 1404 1470 1469 clevet
1488 1405 1593 1486 pbilo-

681 1511 852 1592 soplmndi,
867 1517 898 1575 et
911 1512 997 1593 quod
1010 1513 1201 1593 simplicitas
1214 1509 1321 1572 amica
1335 1514 1382 1572 est
1395 1507 1541 1571 ueritati:
1562 1513 1594 1570 et

683 1613 763 1694 quid
783 1614 827 1676 sit
846 1615 966 1677 luctari
986 1632 1060 1675 cum
1076 1611 1202 1694 angelo,
1223 1613 1274 1675 oel
1292 1609 1400 1674 cibare
1420 1628 1501 1672 eum.
1545 1609 1594 1672 Et

682 1716 763 1796 quid
776 1715 819 1778 sit
832 1723 893 1778 cut
903 1717 1007 1798 prosit
1020 1717 1067 1779 acl
1087 1716 1281 1779 vocationem
1301 1713 1480 1794 sapientie,
1495 1713 1594 1774 relin-

684 1837 781 1897 quere
792 1804 953 1897 patriam.¹

682 1950 767 2022 Qum
778 1972 851 2013 vero
861 1949 1201 2026 sintdiscendielsves‚
1213 1972 1284 2033 quae
1290 1948 1592 2034 philosophantibus

639 2048 680 2113 ed
703 2050 892 2113 intuendam
918 2050 1061 2133 speciem
1084 2049 1233 2128 veritatis,
1257 2051 1341 2113 viam
1363 2071 1403 2113 eo
1432 2048 1594 2112 tendentis

296 2131 391 2264 'Q
431 2159 487 2255 p,
639 2151 829 2232 expediunt,
853 2172 953 2214 senex
977 2151 1186 2215 Camotensis
1206 2151 1319 2232 paucis
1341 2151 1507 2232 expressit.
1545 2148 1590 2212 Et

313 2305 334 2367 ἴ
395 2205 487 2371 (Ἀ
498 2246 631 2377 W
636 2251 712 2314 licet
727 2253 819 2314 metri
835 2252 862 2335 ej
866 2272 904 2314 us
920 2251 1073 2314 suauitate
1088 2271 1152 2312 non
1163 2251 1280 2332 capiar,
1292 2271 1422 2313 sensum
1433 2253 1588 2332 approbo,
1601 2295 1606 2303 -

313 2311 420 2413 ew
477 2332 498 2376 s
637 2361 670 2414 et
698 2273 993 2435 philosoplrantium
1024 2351 1183 2414 mentibus
1212 2350 1310 2414 eredo
1332 2347 1506 2413 fideliter
1497 2371 1588 2430 rnge·
1681 2379 1684 2385 ·

416 2386 518 2549 513
524 2409 579 2557 Ὗ
638 2451 782 2514 rendum.
827 2451 882 2514 Art
897 2472 992 2532 ergo

745 2565 824 2618 Mens
834 2565 950 2630 humilis,
963 2566 1077 2619 studium
1088 2564 1230 2636 querendi,
1241 2565 1296 2617 vite
1307 2565 1404 2633 quiete,

742 2648 903 2702 Scrutinium
915 2650 1033 2713 tacitum,
1045 2654 1193 2722 paupertas,
1205 2654 1274 2702 terra
1285 2648 1381 2713 ahena,

743 2734 810 2789 Hsec
821 2753 936 2790 reserere
948 2735 1033 2790 solent
1043 2735 1132 2790 multis
1143 2736 1251 2790 obscura
1261 2734 1383 2803 legendo.

638 2841 826 2905 Humilibus
855 2854 994 2926 namque
1024 2842 1081 2906 dat
1109 2841 1241 2924 gratiam
1269 2842 1439 2920 Dominus,
1461 2854 1494 2904 et
1523 2840 1589 2904 illis

636 2941 776 3003 veritatis
795 2939 1041 3023 intelligentiam
1058 2943 1194 3015 confert,
1209 2942 1266 3024 qui
1287 2943 1399 3004 timore
1414 2941 1541 3018 initiati,
1556 2936 1588 3004 ei

634 3039 670 3101 in
685 3038 856 3103 dilectione
872 3042 947 3117 Dei,
961 3051 995 3102 et
1017 3041 1208 3104 executione
1223 3040 1444 3103 mandatorum
1459 3061 1587 3102 suorum

635 3135 770 3201 fideliler
784 3138 956 3202 adhaerent.
1002 3140 1088 3202 Nam
1103 3160 1147 3203 ex
1162 3138 1342 3202 testimonio
1358 3139 1522 3220 sapientis,
1532 3139 1588 3222 qui

634 3235 801 3303 confidunt
817 3239 852 3302 in
867 3239 1020 3317 Domino,
1035 3239 1215 3322 intelligent
1234 3240 1415 3318 veritatem
1442 3241 1588 3324 superbis

633 3351 740 3404 autem
754 3341 872 3405 resistit
886 3338 988 3405 Deus.
1035 3340 1115 3412 Quis
1127 3362 1166 3405 eo
1180 3340 1280 3404 invito
1289 3339 1587 3424 philosophabitur?

633 3453 690 3504 aut
704 3463 743 3505 eo
766 3444 920 3506 renitente
944 3443 978 3505 in
1001 3442 1110 3525 aliquo
1126 3440 1306 3506 obtinebit?
1330 3443 1509 3506 Humilitas
1530 3452 1588 3519 est,

633 3553 669 3603 ut
682 3561 743 3604 nec
759 3562 927 3623 personam
943 3542 1088 3605 docentis
1103 3553 1289 3607 contemnat
1309 3543 1392 3625 quis,
1406 3552 1461 3605 aut
1474 3562 1586 3624 quam-

632 3663 760 3725 cunque
781 3642 956 3719 scientiam,
972 3643 1033 3705 nisi
1055 3644 1135 3707 forte
1151 3664 1246 3727 quam
1268 3643 1383 3722 religio
1396 3642 1587 3724 reprobarit.

632 3741 669 3806 si
685 3752 720 3805 ut
732 3741 796 3804 dici
809 3742 901 3817 solet,
911 3742 1012 3805 invita
1024 3742 1174 3806 Minerva
1182 3741 1262 3805 nihil
1273 3752 1360 3805 recte
1372 3740 1585 3823 aggredimur,

632 3842 705 3926 quis
723 3840 764 3905 sd
782 3840 950 3904 scientiam
966 3841 1035 3905 sine
1057 3862 1097 3905 eo
1118 3841 1293 3925 perveniet,
1306 3841 1361 3924 qui
1381 3841 1585 3906 scientiarum

634 3943 782 4006 dominus
797 3951 854 4015 est,
870 3952 903 4004 et
916 3941 950 4004 iu
966 3963 1031 4026 quo
1047 3952 1122 4006 sunt
1135 3963 1246 4005 omnes
1262 3943 1429 4025 sapientiae
1444 3943 1583 4009 thesauri

631 4040 834 4108 absconditi?
859 4043 935 4106 Hoc
958 4042 1065 4127 itaque
1087 4042 1191 4106 moliri
1213 4041 1345 4107 arduum
1361 4043 1457 4106 nimis
1476 4052 1537 4122 est,
1552 4056 1584 4109 et

630 4145 802 4225 difficilius,
817 4156 849 4208 et
859 4145 954 4227 longe
970 4144 1084 4230 majus,
1097 4165 1202 4229 quam,
1216 4156 1253 4208 ut
1267 4141 1447 4208 fabularum
1458 4154 1585 4210 utamur

629 4247 746 4324 verbis,
761 4248 884 4310 clavam
900 4247 1021 4328 eripere
1037 4247 1078 4310 de
1094 4267 1189 4309 manu
1206 4246 1367 4310 Herculis.
1412 4247 1483 4309 Imo
1498 4258 1583 4310 certe

628 4349 724 4429 longe
743 4350 849 4412 minus
868 4355 926 4426 est,
946 4348 1098 4430 quoniam
1120 4347 1202 4410 nihil
1224 4360 1293 4424 est3
1316 4348 1343 4411 si
1365 4357 1472 4412 tamen
1494 4350 1582 4434 quod

628 4449 759 4513 omnino
773 4450 853 4513 nihil
868 4459 927 4526 est,
943 4445 1052 4534 aliquo
1069 4449 1174 4533 majus
1191 4450 1368 4514 autminus
1383 4461 1441 4515 est
1485 4451 1583 4524 Quis·
