4084 5634
543 849 615 896 cre.
633 831 706 912 xro]
902 847 1159 896 ronrcnsrrcus.
1462 834 1500 893 bl

537 1021 608 1066 esse
621 1002 729 1066 ornnia
751 1001 984 1087 impedimento
1006 1002 1140 1081 militiae,
1155 1020 1290 1085 quorum
1311 1019 1389 1064 usus
1402 1020 1493 1064 exer-

537 1102 615 1166 citio
638 1124 702 1168 non
727 1104 879 1169 firmatur.
925 1104 1086 1170 Gaetemm
1113 1105 1197 1167 sicut
1226 1122 1277 1166 ars
1303 1100 1417 1165 sterilis
1447 1113 1496 1166 est

538 1224 614 1269 usus
633 1204 756 1286 ignara,
770 1207 818 1271 sic
839 1217 872 1271 ct
891 1228 968 1271 usus
987 1205 1197 1290 imperfectus
1217 1214 1275 1281 est,
1291 1203 1348 1286 qui
1370 1224 1413 1267 ex
1428 1217 1494 1267 arte

536 1326 603 1370 nun
618 1309 773 1390 provenit.
817 1308 880 1372 Est
894 1329 971 1391 ergo
982 1306 1180 1389 singulorum
1195 1306 1322 1369 initium
1338 1314 1496 1382 enatura,

537 1429 602 1493 qua
615 1409 804 1483 reluctante,
819 1419 853 1473 et
868 1407 917 1486 (ut
930 1409 996 1473 dici
1012 1410 1106 1486 solet)
1121 1408 1225 1471 invita
1239 1408 1398 1485 Minerva,
1412 1406 1493 1469 nihil

538 1510 842 1593 rectesggredimur.
872 1511 1065 1593 Progressus
1075 1511 1115 1574 ab
1125 1529 1196 1588 usu,
1204 1511 1246 1573 ab
1255 1519 1321 1572 arte
1331 1509 1495 1592 perfectius

539 1611 683 1677 sitamen
687 1612 760 1698 jugi
769 1612 1000 1678 exercitatione
1010 1612 1107 1674 suerit
1115 1609 1261 1674 solidata.
1291 1610 1494 1674 Obtinethoc

538 1715 572 1778 iu
583 1714 782 1791 liberalibus,
792 1714 950 1793 virilibus,
961 1723 993 1777 et
1002 1712 1209 1790 mechanicis,
1219 1722 1274 1776 aut
1286 1712 1313 1775 si
1326 1731 1398 1796 que
1409 1721 1495 1791 sunt,

538 1836 678 1900 quarum
706 1814 852 1878 nondum
874 1815 1070 1879 audierimus
1089 1813 1294 1891 mentionem,
1315 1825 1353 1878 ut
1374 1834 1425 1877 ars
1446 1814 1494 1876 in·

542 1913 697 1979 ioecnnda
716 1914 760 1978 sit
780 1915 851 1978 sine
872 1934 942 1994 usn,
963 1924 996 1979 et
1019 1934 1099 1979 naus
1121 1915 1305 1979 temerarius
1326 1915 1396 1978 sine
1418 1924 1494 1979 arte.

543 2014 665 2080 Militia
685 2035 761 2097 ergo
779 2015 849 2079 sine
870 2027 936 2079 arte
954 2016 1041 2080 iners
1061 2024 1121 2093 est,
1135 2015 1316 2078 inofficiosa
1336 2015 1406 2079 sinc
1426 2035 1496 2079 usu·

543 2115 704 2189 Quocirca
724 2115 779 2200 qui
808 2115 899 2180 miles
925 2136 996 2181 esse
1024 2116 1168 2191 voluerit,
1188 2115 1360 2199 prediscat
1388 2125 1496 2196 artem,

543 2237 677 2301 eamque
686 2237 746 2281 usu
755 2217 955 2282 ctexercitio
966 2217 1081 2291 firmet,
1089 2228 1126 2281 ut
1140 2237 1239 2301 quum
1254 2217 1376 2281 electus
1390 2212 1495 2295 fuerit,

542 2331 576 2384 et
593 2319 715 2384 militie
736 2332 936 2385 sacmmcnto
961 2321 1135 2404 ascriptus,
1153 2320 1354 2403 reipublice,
1375 2329 1407 2382 ct
1432 2319 1495 2384 sibi

544 2421 663 2486 utiliter
676 2421 776 2500 vivat,
790 2433 823 2486 et
842 2443 908 2486 non
930 2423 982 2501 sit,
996 2431 1092 2505 prout
1106 2421 1296 2485 Plutarchus
1311 2421 1366 2500 sit,
1381 2441 1495 2484 munus

546 2543 669 2588 mance.
728 2523 793 2586 Hie
822 2523 908 2587 enim
938 2523 1045 2587 verbis
1071 2525 1105 2586 in
1135 2522 1335 2588 institutione
1364 2522 1497 2607 Trajani

546 2623 716 2688 novissime
729 2643 809 2687 nans
823 2635 882 2702 est,
897 2646 995 2708 quum
1011 2645 1032 2687 a
1045 2623 1194 2686 manibus
1209 2625 1381 2707 prolapsus
1396 2634 1445 2685 est
1456 2623 1497 2687 ad

544 2723 655 2808 pedes
699 2724 877 2808 Sequemur
896 2745 973 2806 ergo
988 2744 1074 2803 eum,
1088 2735 1121 2786 et
1140 2724 1311 2809 sicutipse
1334 2724 1391 2803 ait,
1405 2725 1498 2808 quasi

546 2844 660 2889 soccos
696 2824 835 2908 pedibus
869 2824 1036 2904 iaciamus,
1063 2834 1194 2888 utnon
1222 2824 1425 2891 offendantur
1455 2825 1498 2890 ad

546 2926 699 3011 lapidem,
727 2925 892 2992 obicemve
920 2927 1029 3008 elium,
1052 2948 1154 3035 ‘quem
1183 2929 1353 3013 multiplex
1381 2927 1498 3011 ingerit

547 3049 652 3094 cause.

546 3214 692 3299 Capito.
714 3211 784 3286 Qus·
802 3218 868 3278 sisu
891 3218 990 3296 pedes
1013 3215 1203 3298 reipublice
1225 3222 1256 3280 et
1282 3218 1322 3280 de
1346 3239 1428 3282 curu
1449 3221 1496 3281 eis
1569 3282 1581 3309 κ

908 3317 1138 3399 hammus.

591 3439 706 3503 Penas
734 3440 875 3526 quidem,
905 3440 961 3524 qui
991 3400 1163 3505 bumiliora
1198 3450 1349 3506 exercent
1383 3441 1499 3521 officia,

547 3541 760 3625 appellantur,
788 3563 922 3628 quornm
951 3542 1110 3626 obsequio
1145 3541 1329 3627 reipublice
1357 3544 1498 3608 membra

548 3663 606 3727 per
626 3653 741 3709 terrem
760 3640 955 3727 gradiuntur.
1002 3645 1043 3708 ln
1066 3642 1117 3708 his
1138 3642 1265 3728 quidem
1288 3645 1498 3727 agricolarum

550 3744 629 3808 ratio
658 3745 798 3823 vertitur,
819 3746 877 3830 qui
904 3756 994 3809 terrae
1019 3764 1145 3828 semper
1171 3743 1346 3823 adherent,
1368 3745 1434 3809 sive
1461 3746 1497 3809 in

550 3845 772 3920 sationalibus,
790 3847 857 3910 sive
876 3847 910 3910 in
931 3846 1107 3923 consitivis,
1127 3845 1194 3910 sive
1216 3847 1249 3909 in
1268 3847 1409 3930 pascuis,
1431 3847 1497 3910 sive

550 3945 582 4008 iu
612 3947 718 4011 floreis
741 3945 910 4028 agitentur.
957 3947 1020 4010 His
1043 3946 1138 4011 etiam
1160 3961 1369 4030 aggregantur
1390 3950 1498 4011 multae

550 4048 677 4131 species
694 4047 840 4125 lanificii,
857 4060 1002 4133 artesque
1025 4049 1235 4123 mechanicae‚
1250 4070 1323 4133 quae
1345 4049 1379 4112 in
1399 4049 1500 4129 ligno,

549 4149 643 4227 ferro,
672 4172 744 4230 rere,
782 4153 982 4236 metallisque
1018 4152 1113 4216 variis
1150 4153 1341 4228 consistunt,
1370 4150 1500 4213 serviles
1563 4140 1570 4151 ’

551 4270 679 4334 quoque
707 4253 1010 4333 obsecundationes,
1031 4263 1064 4318 et
1091 4253 1287 4333 multiplices
1316 4250 1418 4341 victus
1447 4271 1500 4315 uc·

551 4351 707 4435 quireudi,
726 4356 865 4440 viteque
894 4355 1126 4429 sustentandas,
1150 4363 1205 4416 aut
1227 4372 1292 4414 rem
1315 4350 1499 4417 familiarem

551 4451 771 4536 amplificandi
792 4458 923 4534 formae3
957 4478 1029 4540 quse
1058 4476 1119 4519 nce
1145 4451 1185 4517 ad
1211 4451 1404 4534 praesidendi
1428 4477 1499 4538 per-

1000 4572 1020 4616 n
1037 4560 1058 4616 2
