4084 5634
645 837 707 896 ala·
906 855 1042 899 ronanus
1058 855 1335 900 sxrrnsaaaransrs
1423 841 1506 916 [ma.
1523 858 1594 902 vrn.

641 1004 735 1068 cunia
750 1018 934 1086 occupatus,
950 1005 1029 1069 adeo
1045 1022 1079 1070 ut
1100 1005 1214 1070 domus
1236 1009 1306 1092 ejus
1329 1009 1419 1093 quasi
1443 1009 1592 1095 quaedam

642 1105 865 1171 munificentiae
880 1106 1005 1171 officina
1020 1108 1213 1172 crederetur.
1250 1110 1341 1173 Illinc
1357 1110 1439 1173 enim
1457 1110 1592 1196 publicis

641 1209 749 1273 usibus
779 1220 854 1294 apta
879 1224 1084 1274 monumenta
1113 1211 1355 1290 extruebantur‚
1386 1211 1470 1275 illinc
1499 1224 1592 1295 grata

639 1310 776 1396 publicis
795 1309 895 1373 oculis
915 1313 1095 1396 spectacula
1115 1312 1304 1390 edebantur,
1320 1313 1405 1376 illinc
1423 1312 1589 1397 epularum

638 1413 797 1499 magnifici
834 1428 1018 1499 apparatus,
1056 1415 1239 1499 labentique
1276 1437 1411 1478 annonae
1447 1414 1590 1479 subsidia
1674 1424 1679 1433 '

638 1513 833 1577 oriebantur.
890 1515 934 1578 Et
957 1536 1054 1600 quum
1078 1515 1145 1579 haec
1167 1516 1338 1588 universis;
1371 1514 1518 1601 privatim
1535 1514 1589 1578 ali-

639 1630 745 1680 menta
767 1615 872 1702 inopia
895 1615 1122 1691 laborantibus,
1139 1617 1230 1681 dotas
1249 1617 1439 1702 virginibus,
1456 1638 1590 1701 pauper-

638 1732 704 1782 tate
729 1720 842 1803 pressis
868 1719 1022 1798 subsidia,
1045 1718 1308 1783 detrimentorum
1339 1719 1467 1782 incursu
1498 1740 1590 1804 quas·

639 1821 717 1884 satis
755 1820 865 1884 solatia
903 1821 1136 1903 erogabantur:
1176 1821 1317 1907 hospites
1353 1844 1482 1907 quoque
1521 1831 1588 1882 tum

638 1922 766 1984 urbanis
796 1923 975 2007 penatibus,
1006 1937 1073 1986 tom
1111 1923 1207 1985 etiam
1246 1923 1371 1987 rusticis
1408 1923 1499 1986 tectis
1536 1922 1589 1983 be-

635 2024 821 2109 nignissime
843 2025 980 2109 excepti,
995 2024 1091 2086 variis
1114 2024 1299 2089 muneribus
1320 2026 1423 2088 ornati
1447 2024 1588 2088 dimitte·

635 2128 762 2191 bantur.
808 2125 954 2202 Quodam
987 2147 1062 2188 vero
1090 2139 1242 2210 tempore,
1274 2129 1465 2211 quingentos
1494 2125 1586 2189 simul

629 2219 820 2291 ‘Gelensium
836 2226 969 2310 equites,
981 2226 1011 2287 vi
1028 2226 1224 2309 tempestatis
1239 2226 1270 2288 in
1286 2227 1498 2311 possessiones
1513 2250 1587 2290 suas

634 2329 824 2415 compulsore
840 2329 918 2393 aluit
934 2351 970 2391 ac
986 2327 1123 2391 vestivit.
1163 2327 1248 2405 Quid
1264 2325 1385 2392 malta?
1414 2329 1485 2391 Non
1502 2350 1587 2392 mor-

634 2433 727 2498 talem
751 2431 901 2517 aliquem,
918 2430 973 2495 sed
998 2430 1146 2515 propitiae
1166 2430 1303 2494 fortunae
1326 2430 1496 2515 benignum
1519 2453 1586 2492 esse

632 2535 753 2600 diceres
768 2535 880 2598 sinum.
908 2537 997 2616 Ergo
1012 2531 1098 2617 quod
1113 2531 1226 2596 Gillias
1237 2532 1431 2617 possidebat,
1441 2532 1582 2595 omnium

633 2642 724 2724 quasi
739 2659 906 2700 commune
920 2635 1146 2722 patrimonium
1162 2648 1241 2713 erat,
1256 2658 1315 2720 pro
1330 2636 1424 2720 cujus
1439 2633 1540 2698 salute
1553 2645 1584 2696 et

632 2738 844 2813 incrementis,
855 2751 921 2801 turn
935 2737 1144 2820 Agrigentina
1153 2736 1275 2809 civitas,
1286 2752 1354 2799 tum
1367 2736 1461 2799 etiam
1473 2735 1584 2799 vicinae

632 2842 777 2922 regiones
790 2839 870 2902 votis
881 2839 1092 2902 excubabant.
1125 2837 1254 2901 Colloca
1264 2860 1302 2901 ex
1315 2837 1471 2901 contraria
1483 2853 1585 2923 parte,

632 2962 721 3002 arcas
744 2937 996 3001 inexorabilibus
1017 2938 1164 3001 claustris
1185 2937 1357 3012 obseratas,
1379 2958 1481 3000 nonne
1504 2960 1584 3022 prae-

631 3040 814 3104 stantiorem
831 3037 995 3122 aliquanto
1010 3037 1171 3100 existimes
1185 3036 1271 3100 illam
1287 3037 1472 3124 impensam,
1487 3060 1583 3123 quam

631 3142 711 3206 hanc
721 3135 923 3204 custodiam?
944 3137 1092 3222 Denique
1102 3136 1256 3223 quicquid
1268 3139 1421 3224 sapientia
1430 3138 1583 3225 disponit,

629 3243 844 3330 approbatum
876 3240 962 3326 quod
987 3243 1149 3305 temeritas
1175 3241 1350 3326 praesumit,
1373 3264 1456 3304 verae
1479 3240 1583 3305 laudis

630 3349 771 3411 fructum
789 3366 990 3430 nequaquam
1007 3343 1197 3429 assequitur.

576 3598 579 3609 '
630 3590 709 3673 Cap.
733 3597 761 3650 5.
793 3589 845 3650 De
875 3591 996 3651 duobus
1025 3593 1233 3653 naturalibus
1263 3592 1433 3677 affectibus,
1464 3592 1584 3653 scilicet

672 3691 880 3769 omarejuatr',
891 3698 1037 3751 elamore
1048 3692 1214 3752 conrmodi:
1237 3699 1268 3753 et
1279 3694 1317 3753 de
1325 3693 1451 3772 sequela
1462 3713 1582 3770 aarum,

671 3814 777 3857 amare
790 3793 909 3853 scilicet
924 3791 1134 3867 tiberianas!
1150 3812 1256 3854 amare
1271 3793 1470 3857 dominandi:
1497 3802 1527 3857 et
1543 3796 1582 3858 de

672 3893 907 3974 comparatione
931 3891 1071 3955 Caeaora's
1090 3897 1121 3953 at
1144 3892 1297 3955 Catonia:
1328 3893 1366 3954 de
1385 3892 1581 3972 Aleaandru,

672 3998 850 4067 Aristotele,
872 3993 1016 4073 Aequus
1034 3998 1064 4055 el
1082 3993 1235 4056 Platone:
1265 4001 1296 4057 at
1318 3995 1356 4055 de
1378 3996 1426 4056 lais
1449 3998 1505 4076 qui
1527 3999 1579 4058 oia

672 4103 764 4163 ‹uvia
779 4099 824 4160 od
833 4100 970 4179 pluriam
986 4103 1134 4178 peryunt.

672 4255 763 4328 Quos
785 4248 913 4334 quidem
930 4248 1062 4312 affectus
1084 4247 1115 4309 in
1133 4246 1259 4310 homine
1275 4250 1315 4311 ab
1331 4249 1421 4313 initio
1436 4252 1578 4314 extitisse

627 4374 724 4417 sacrae
740 4352 906 4436 scriptura>
917 4349 1062 4433 designat
1074 4353 1256 4428 auctoritas,
1269 4354 1447 4435 appetitum
1460 4353 1577 4416 seilicet

623 4454 718 4537 justi,
734 4469 763 4516 ct
781 4450 935 4514 commodi
952 4449 1142 4536 appetitum.
1169 4452 1313 4526 Quorum
1332 4456 1410 4516 alter
1423 4455 1453 4516 in
1472 4454 1583 4518 volun-
