4084 5634
308 422 443 603 do
491 450 892 728 npmlpp
969 421 1313 632 loma
1357 413 1401 617 ξ’

625 893 665 956 18
897 906 1035 952 roannrs
1050 905 1329 953 sannsnnnmnsrs
1434 890 1517 972 [nm.
1532 908 1579 954 vr.

623 1062 685 1126 etsi
699 1081 763 1124 non
781 1078 874 1142 aeque
889 1053 997 1137 notus,
1011 1071 1120 1123 tamen
1136 1060 1336 1124 accessibilis
1351 1068 1410 1125 est.
1456 1064 1579 1148 Utique

625 1174 713 1227 tutus
728 1171 778 1224 est
791 1160 849 1238 illi,
866 1160 941 1243 quia
956 1160 1050 1223 miles
1071 1182 1161 1223 meus
1176 1181 1241 1224 non
1256 1147 1288 1224 in
1310 1164 1439 1247 propn‘a
1454 1164 1580 1240 virtute,

626 1262 731 1326 sedin
747 1259 896 1344 presidio
912 1261 1047 1323 confidit
1062 1281 1228 1325 armorum.
1275 1262 1449 1343 Anglorum
1466 1284 1580 1326 recens

625 1375 733 1426 narrat
746 1362 891 1437 historia,
904 1360 988 1445 quod
999 1383 1099 1444 quum
1116 1363 1276 1439 Britones,
1291 1351 1467 1447 irruptione
1483 1365 1577 1441 sacta,

627 1464 775 1545 Angliam
791 1461 1073 1545 depopularentur,
1084 1484 1103 1525 a
1114 1463 1259 1545 piissimo
1274 1485 1347 1544 rega
1360 1463 1522 1527 Eduardo
1537 1464 1579 1527 ad

626 1587 682 1629 eos
693 1562 928 1648 expugnandos
940 1563 1055 1626 missus
1067 1576 1114 1626 cst
1125 1563 1193 1626 dux
1208 1565 1380 1641 Haraldus,
1391 1566 1437 1627 cir
1448 1565 1578 1648 quidem

626 1668 720 1731 armis
735 1678 893 1743 strenuus,
907 1678 940 1729 et
954 1665 1164 1729 laudabilium
1180 1688 1311 1750 operum
1333 1667 1459 1748 fulgens
1481 1668 1580 1748 insig-

626 1770 732 1846 nibus,
750 1779 783 1832 et
805 1769 859 1852 qui
882 1781 945 1831 tam
966 1790 1068 1847 suam,
1089 1791 1184 1853 quam
1208 1790 1335 1832 suorum
1359 1779 1470 1853 posset
1491 1769 1579 1853 apud

626 1883 771 1954 posteros
790 1868 921 1949 gloriam
938 1867 1081 1943 dilatare,
1098 1868 1158 1931 nisi
1182 1871 1364 1933 meritorum
1387 1869 1509 1947 titulos,
1523 1892 1579 1933 ne·

627 1972 760 2056 quitiam
791 1971 892 2053 patris
920 1969 1061 2046 imitans,
1090 1971 1213 2053 perfide
1245 1982 1441 2056 praesumpto
1469 1992 1580 2054 regno,

627 2073 834 2137 decoloraret.
868 2073 974 2143 Quum
987 2091 1063 2152 ergo
1074 2072 1178 2152 gentis
1190 2084 1398 2152 cognosceret
1408 2074 1580 2150 levitatem,

629 2175 721 2259 quusi
736 2173 805 2256 pari
821 2172 994 2235 certamine
1007 2174 1153 2236 militiam
1166 2174 1288 2255 eligens
1299 2173 1492 2258 expeditam,
1504 2197 1578 2239 cum

627 2277 673 2340 eis
690 2276 816 2338 censuit
838 2275 1123 2356 congrediendum,
1138 2276 1240 2338 levem
1264 2297 1420 2339 exercens
1442 2290 1581 2340 armatu·

626 2399 703 2456 ram,
719 2386 905 2460 perornatus
925 2376 1090 2456 incedens,
1107 2379 1215 2441 fasciis
1238 2392 1363 2461 pectus,
1378 2390 1410 2441 et
1432 2379 1580 2462 prrcduro

626 2491 730 2542 tectus
746 2478 845 2555 corio,
861 2479 1036 2542 missilibus
1052 2501 1161 2542 eorum
1177 2481 1247 2543 lcsa
1262 2480 1430 2564 objectans
1453 2481 1579 2558 ancilia,

626 2589 659 2642 et
673 2579 706 2641 in
723 2599 779 2641 eos
794 2589 1009 2660 contorquens
1025 2600 1110 2642 uunc
1132 2580 1268 2662 spicula,
1282 2603 1368 2644 nunc
1391 2601 1578 2643 mucronem

626 2700 792 2757 exercens,
806 2679 853 2743 sic
877 2678 1064 2759 fngientium
1083 2681 1224 2762 vestigiis
1246 2682 1434 2758 inherebat,
1449 2691 1486 2744 ut
1506 2700 1578 2764 pre·

627 2793 767 2846 meretur

842 2877 1020 2930 ——Pede
1032 2895 1088 2949 pes,
1101 2885 1129 2932 et
1140 2880 1248 2949 cuspide
1261 2882 1358 2951 cuspis,

625 3007 658 3058 et
678 2996 776 3056 umbo
799 2996 937 3054 umbone
960 2996 1171 3072 repelleretur.
1220 2997 1352 3057 Nirium
1379 2997 1486 3079 itaque
1509 3001 1574 3060 col-

625 3097 689 3158 lem
711 3095 883 3173 ingressus‚
898 3090 1031 3152 vastavit
1053 3092 1169 3167 omnia,
1186 3107 1218 3154 et
1240 3094 1448 3176 expeditione
1470 3097 1503 3158 in
1526 3098 1577 3161 bi-

626 3195 755 3257 ennium
773 3200 951 3275 prorogata,
966 3210 1059 3269 reges
1074 3191 1172 3272 cepit,
1187 3204 1219 3254 et
1241 3192 1347 3275 capita
1370 3217 1479 3259 eorum
1503 3201 1579 3282 regi,

625 3295 682 3380 qui
691 3314 765 3357 cum
774 3291 913 3368 miserat,
921 3291 1173 3374 praesentarit‚et
1183 3313 1284 3376 usque
1294 3293 1334 3356 ad
1345 3295 1578 3363 miserationem

623 3396 823 3480 parvulorum
850 3413 976 3457 omnem
1007 3394 1197 3470 masculum,
1226 3395 1283 3479 qni
1308 3396 1444 3460 inveniri
1473 3403 1578 3482 potuit

624 3498 834 3570 interficiens,
845 3495 878 3556 in
891 3515 944 3557 ore
961 3493 1059 3575 gladii
1072 3498 1199 3576 pacarit
1210 3500 1418 3580 provinciam,
1430 3511 1462 3564 et
1473 3500 1577 3583 legem

626 3597 736 3661 statuit
747 3609 781 3657 ut
794 3594 978 3677 quicunque
996 3595 1162 3658 Britonum
1176 3598 1294 3661 exinde
1307 3601 1385 3665 citra
1395 3604 1577 3678 terminum,

626 3721 721 3783 quem
742 3698 789 3760 eis
807 3698 1013 3780 praescripsit‚
1029 3698 1147 3762 fossam
1170 3703 1294 3768 scilicet
1308 3707 1400 3784 Offae,
1416 3728 1489 3771 cum
1514 3709 1578 3771 telo

624 3799 829 3875 inveniretur,
855 3797 885 3860 ei
912 3799 953 3861 ab
982 3800 1175 3863 officialibus
1205 3805 1294 3884 regni
1320 3828 1434 3869 manus
1464 3807 1577 3871 dextra

624 3901 859 3985 praeciderctur.
905 3900 1060 3985 Adeoque
1076 3903 1189 3967 virtute
1210 3904 1303 3970 ducis
1324 3920 1401 3971 tunc
1426 3911 1576 3973 Britones

625 4003 766 4067 confecti
781 4016 867 4077 sunt,
882 4012 918 4063 ut
937 4003 1000 4065 scre
1024 4025 1103 4085 gens
1119 4017 1185 4070 tota
1207 4006 1344 4071 deficere
1360 4009 1528 4079 rideretur,
1543 4023 1576 4072 et

624 4126 667 4168 ex
682 4103 881 4184 indulgentia
897 4103 966 4185 jam
983 4104 1062 4166 dicti
1084 4108 1168 4188 regis
1190 4110 1339 4171 mulieres
1362 4131 1470 4172 eorum
1494 4130 1575 4194 nup·

625 4217 733 4269 serunt
747 4205 870 4284 Anglis.
910 4203 1052 4268 Videsne
1064 4222 1218 4290 quantum
1234 4210 1348 4272 electio
1364 4209 1456 4272 ducis
1471 4223 1502 4273 et
1517 4233 1575 4274 ex·

625 4307 769 4369 ercitium
780 4305 970 4388 juventutis,
987 4307 1111 4371 militiae
1127 4310 1315 4372 conserant?
