4084 5634
538 853 607 900 car.
625 832 679 912 rr]
898 849 1150 896 rorrcnsrrcus.
1430 838 1493 896 205

540 1008 624 1071 Nam
636 1018 668 1071 et
679 1008 720 1069 ab
733 1005 850 1083 animo,
862 1016 917 1069 aut
927 1025 1070 1086 corpore,
1083 1012 1139 1066 aut
1147 1004 1187 1067 ab
1200 1003 1408 1085 extrapositis
1423 1003 1490 1087 peti

540 1106 645 1171 debet.
673 1108 774 1170 Porro
786 1106 884 1170 animi
896 1107 993 1179 bona,
1005 1116 1062 1167 aut
1077 1102 1230 1187 corporis,
1243 1115 1297 1164 aut
1309 1102 1493 1166 naturaliter

538 1210 635 1272 insita
656 1221 740 1285 sunt,
762 1222 819 1272 aut
842 1208 947 1270 studio
969 1216 1164 1289 comparata,
1188 1214 1242 1267 aut
1268 1205 1436 1267 causaliter
1461 1215 1494 1267 et

525 1311 709 1374 'casualiter
731 1320 944 1373 accesserunt.
988 1308 1032 1371 Ar
1053 1307 1088 1369 in
1110 1306 1161 1369 his
1183 1306 1262 1368 certi
1282 1317 1357 1370 sunt
1376 1305 1493 1388 gradus

538 1435 595 1497 pro
616 1412 770 1494 dignitate
791 1432 900 1474 eorum
920 1411 953 1472 in
975 1410 1092 1493 quibus
1113 1408 1304 1484 consistunt,
1324 1419 1356 1470 et
1377 1408 1495 1491 quibus

539 1501 712 1597 petuntur}
743 1513 869 1575 Primus
890 1510 1049 1593 siquidem
1069 1505 1355 1571 commendationis
1377 1508 1494 1588 gradus

539 1627 598 1694 est,
609 1615 663 1699 qui
679 1615 720 1677 ab
736 1613 833 1675 animi
848 1611 923 1674 dote
938 1609 1095 1693 provenit.
1133 1606 1302 1687 Secundus
1316 1621 1348 1670 et
1362 1608 1497 1687 medius,

541 1718 596 1800 qui
627 1715 770 1797 corporis
799 1712 1013 1776 valetudinem
1044 1710 1200 1793 approbat
1226 1721 1257 1772 et
1288 1720 1494 1774 venustatem.

541 1818 679 1893 Tertius,
690 1815 839 1897 idemque
853 1813 1056 1888 novissimus,
1067 1807 1124 1896 qui
1140 1813 1333 1875 exteriorum
1349 1813 1495 1876 continet

540 1916 679 1980 laudem.
714 1914 810 1987 Quod
825 1927 857 1978 et
872 1915 1040 1997 Apuleium
1057 1914 1217 1990 docuisse,
1227 1914 1374 1998 superius
1389 1916 1493 1978 retuli.

541 2019 587 2081 Et
600 2019 670 2081 laus
685 2016 817 2100 quidem
837 2016 935 2079 animi
956 2037 1029 2079 vera
1052 2027 1110 2092 est,
1126 2037 1275 2100 saepeque
1296 2017 1446 2099 perfecta,
1468 2018 1495 2080 si

540 2132 648 2184 tamen
662 2120 692 2183 ei
709 2119 861 2182 tenaciter
875 2120 972 2196 bona,
987 2141 1057 2204 quar
1074 2121 1107 2183 in
1128 2120 1199 2203 ipso
1215 2120 1492 2197 commendantur,

541 2223 737 2301 inhaeserint,
752 2220 832 2286 adeo
848 2222 990 2306 quidem,
1004 2233 1041 2285 ut
1055 2224 1122 2286 sint
1136 2223 1372 2305 inseparabilia.
1417 2222 1494 2286 Cer·

540 2337 607 2388 tum
623 2336 671 2388 est
686 2326 771 2388 enim
788 2325 862 2408 quia
877 2324 976 2388 inrito
997 2325 1111 2388 auferri
1131 2347 1196 2387 non
1218 2336 1361 2409 possunt.
1405 2325 1494 2388 Alias

542 2427 670 2510 quidem
692 2449 766 2490 vera
788 2426 933 2505 fortasse,
954 2426 1011 2489 sed
1034 2427 1176 2509 perlecta
1198 2449 1267 2490 esse
1290 2448 1356 2490 non
1378 2437 1494 2510 potest.

543 2529 695 2612 Corporis
725 2542 830 2592 autem
868 2529 1047 2591 verisimilis
1081 2539 1129 2591 est
1163 2528 1407 2604 commendatio,
1437 2528 1495 2591 sed

542 2631 684 2713 perlecta
704 2651 878 2713 nunquam.
922 2627 1007 2691 Nam
1029 2630 1116 2692 bona
1137 2629 1205 2712 ejus
1228 2639 1349 2712 queunt
1370 2650 1496 2712 semper

542 2730 657 2793 auferri
672 2731 781 2792 inrito.
826 2730 949 2793 Natura
963 2729 1049 2792 enim
1065 2730 1145 2813 ejus,
1162 2740 1195 2792 et
1215 2729 1375 2793 debilitari
1391 2742 1496 2814 potest

536 2832 666 2917 jugiter,
689 2843 721 2894 et
745 2831 916 2913 corrumpi.
967 2829 1222 2894 Adventitiorum
1248 2851 1321 2893 vero
1348 2831 1497 2914 perfunc-

543 2935 625 2998 toria
643 2935 743 3017 gratia
764 2945 821 3010 est,
841 2945 874 2997 et
895 2954 954 2996 nec
975 2954 1081 2997 reram
1101 2955 1162 2997 neo
1185 2934 1357 3016 perdoctam
1376 2935 1498 2998 habent

541 3037 680 3112 laudem,
707 3036 772 3100 imo
798 3058 858 3100 nec
885 3036 1099 3100 verisimilem.
1143 3037 1288 3100 Sufficiat
1312 3036 1359 3099 eis
1389 3038 1417 3100 si
1445 3037 1495 3099 rel

542 3141 741 3224 probabilem
763 3139 935 3202 imitentur.
979 3138 1148 3223 Siquidem
1170 3139 1204 3201 in
1231 3149 1396 3223 utramque
1421 3161 1496 3222 par·

543 3254 608 3304 tem
624 3239 795 3304 flectuntur
808 3241 909 3303 facile,
956 3241 1002 3302 Et
1015 3241 1076 3302 nisi
1093 3241 1327 3323 possidentium
1343 3240 1496 3324 juventur

544 3364 616 3418 usu,
635 3362 699 3404 non
721 3357 785 3403 tam
807 3340 848 3403 ad
871 3339 997 3403 laudem
1019 3356 1104 3413 suut,
1125 3362 1221 3424 quam
1242 3339 1284 3402 ad
1305 3339 1495 3422 vituperium

543 3444 701 3527 proniora.
747 3443 832 3504 Nam
850 3442 979 3515 divitiae,
996 3452 1028 3504 et
1043 3441 1205 3524 potentiae,
1219 3450 1253 3504 et
1272 3441 1382 3522 gratia,
1397 3462 1495 3526 quum

543 3545 713 3629 plurimum
735 3544 849 3606 virium
872 3543 959 3621 dent,
975 3544 1009 3605 in
1033 3556 1198 3627 utramque
1220 3552 1342 3626 partem
1358 3543 1495 3609 certissi-

541 3668 629 3709 mum
649 3645 769 3710 faciunt
782 3646 1039 3731 experimentum
1058 3666 1191 3723 morum,
1210 3646 1311 3730 fitque
1331 3668 1497 3730 possessor

543 3768 665 3810 morum
695 3747 736 3810 ab
765 3747 812 3808 eis
841 3744 1037 3829 quandoque
1064 3746 1185 3823 melior,
1209 3746 1368 3810 interdum
1395 3747 1495 3831 pejor.

545 3849 705 3912 Caeterum
727 3869 824 3930 opera
849 3848 921 3931 ipsa
945 3848 1060 3910 mentis
1087 3858 1142 3910 aut
1164 3849 1317 3930 corporis.
1340 3850 1400 3911 etsi
1423 3851 1496 3912 sirn-

545 3951 673 4034 pliciter
686 3950 785 4025 bona,
804 3949 856 4011 rel
875 3950 1020 4012 absolute
1041 3950 1124 4011 mala
1142 3950 1217 4025 sint,
1233 3950 1496 4031 vituperationem

545 4050 716 4126 interdum,
736 4061 791 4113 aut
811 4047 938 4112 laudem
960 4049 1162 4123 contrahunt,
1183 4069 1241 4129 pro
1264 4045 1392 4112 arbitrio
1409 4050 1497 4133 judi·

545 4153 658 4216 cantis.
692 4150 789 4215 Unde
805 4150 998 4214 etinteresse
1009 4150 1179 4234 plurimum
1196 4161 1287 4232 putat
1300 4150 1496 4230 Aristoteles,

544 4252 611 4324 ubi,
622 4252 762 4338 quidque
772 4250 929 4330 laudetur,
939 4266 993 4315 aut
1002 4252 1205 4334 vituperetur.
1230 4252 1313 4315 Nam
1326 4251 1496 4334 plurimum

547 4354 650 4431 refert,
662 4355 715 4438 qui
731 4354 795 4416 sint
805 4353 1003 4416 audientium
1015 4374 1131 4428 mores,
1142 4373 1214 4434 quae
1227 4352 1356 4434 publice
1372 4367 1499 4437 recepta

545 4456 719 4538 persuasio,
750 4451 907 4536 docetque
936 4453 969 4516 in
999 4452 1195 4528 Rhetoricis,
1217 4465 1254 4517 ut
1281 4453 1337 4517 illa
1358 4456 1498 4519 maximo
