4084 5634
540 877 616 923 car.
631 861 752 941 xxvia]
896 876 1146 924 anatomicos.
1452 864 1490 921 ⁷1

540 1028 631 1093 audit
643 1051 662 1095 a
677 1029 822 1095 Domino
836 1041 991 1114 perpetuo
1005 1014 1136 1094 munere
1151 1025 1359 1092 honoratum?
1389 1028 1491 1092 Plane

541 1129 575 1192 in
599 1131 817 1195 insensibilem
839 1131 996 1217 principis
1015 1139 1153 1196 statuam
1176 1129 1348 1214 quicquam
1370 1149 1489 1213 prasu-

539 1251 634 1310 mere,
649 1231 844 1317 quandoque
867 1233 988 1297 crimen
1011 1233 1119 1296 extitit
1141 1231 1323 1314 majestatie,
1342 1242 1374 1293 et
1392 1241 1492 1294 morte

541 1334 756 1411 acerbissima,
791 1345 887 1417 prout
922 1334 1081 1397 veteribus
1116 1333 1247 1417 placuit,
1281 1330 1489 1414 puniendum.

540 1430 619 1507 Quis
633 1455 708 1516 ergo
722 1434 757 1496 in
771 1433 942 1515 imaginem
961 1432 1036 1511 Dei,
1051 1432 1106 1516 qui
1125 1441 1174 1496 eet
1193 1431 1352 1514 princeps,
1368 1431 1492 1494 malitia

540 1546 751 1615 praesumente
771 1535 904 1618 impune
918 1532 1074 1596 offendit?
1112 1530 1251 1595 Pmiude
1273 1530 1492 1594 consiliosissi-

538 1653 628 1696 mum
642 1644 690 1696 est
704 1633 786 1696 illud
801 1635 975 1718 sapientis:
998 1635 1037 1697 In
1054 1633 1245 1714 cogitatione
1265 1643 1330 1706 tua,
1345 1631 1411 1712 regi
1425 1652 1490 1694 non

538 1731 697 1811 detrahas,
719 1735 808 1797 etin
834 1745 958 1798 secreto
985 1734 1125 1798 cubiculi
1152 1734 1199 1797 tui
1224 1754 1266 1796 ne
1288 1731 1491 1796 maledixeris

539 1833 641 1912 diviti,
657 1837 735 1918 quia
750 1856 826 1899 aves
848 1836 922 1899 coeli
944 1837 1119 1919 portabunt
1143 1856 1253 1899 vocem
1277 1844 1373 1911 tuam,
1388 1844 1420 1897 et
1435 1836 1490 1919 qui

539 1935 662 1999 habent
684 1958 807 2020 pennas
828 1939 1070 2003 annunciabunt
1087 1938 1285 2001 sententiam.
1333 1936 1491 2019 Nunquid

540 2056 615 2118 ergo
638 2037 810 2122 quicquam
831 2038 942 2102 licebit
963 2039 996 2102 in
1017 2059 1124 2123 opere,
1138 2048 1194 2102 aut
1216 2040 1322 2117 verbo,
1338 2059 1436 2122 quum
1458 2049 1491 2102 et

539 2137 611 2219 ipsa
639 2139 799 2220 cogitatio,
829 2140 1035 2223 cubiculique
1070 2152 1236 2217 secretum,
1265 2152 1297 2203 et
1332 2140 1491 2204 sententia

538 2238 645 2302 cordis
667 2253 820 2319 arceatur,
834 2263 876 2304 ne
897 2241 975 2325 qnid
997 2241 1154 2320 moliatur,
1174 2249 1229 2304 aut
1249 2239 1412 2323 concipiat
1433 2240 1490 2304 ad-

538 2358 645 2402 versus
659 2338 866 2425 principem?

538 2610 618 2694 Cap.
648 2617 700 2674 ⁸27.
725 2611 818 2684 Quod
845 2609 1045 2672 Gnathonici
1069 2617 1262 2689 pervertant
1288 2611 1408 2685 mania,
1433 2630 1491 2672 nec

581 2711 772 2790 cerasatcri
785 2711 976 2791 patiantur,
989 2716 1021 2770 et
1036 2709 1122 2790 qnod
1135 2712 1182 2770 eis
1197 2711 1342 2789 exempto
1357 2710 1491 2772 Mareia

582 2814 704 2873 codam
734 2809 968 2872 detrabendum
990 2816 1050 2882 est,
1079 2811 1108 2871 ai
1135 2811 1270 2891 capiant
1295 2810 1426 2873 divites:
1459 2821 1492 2875 et

581 2912 669 2995 qaod
689 2912 946 2974 calumniatores
963 2930 1151 2993 pauperum
1175 2909 1266 2974 Dona
1290 2913 1360 2994 ipse
1382 2933 1487 2994 persc-

582 3015 706 3096 quitur.

589 3169 767 3237 Carneum
797 3171 825 3231 si
854 3170 1023 3234 Gnathoni
1060 3169 1209 3247 creditur,
1242 3171 1388 3254 quisquis
1425 3195 1490 3237 non

543 3270 660 3335 arridet
683 3269 818 3345 ditibus,
843 3269 936 3331 etiam
964 3289 1065 3351 quum
1095 3271 1323 3348 malefecerint,
1346 3284 1402 3335 aut
1427 3294 1493 3336 non

542 3367 710 3455 applaudit
737 3368 773 3429 in
801 3367 949 3449 pessimis
980 3387 1100 3445 eorum,
1122 3367 1248 3431 videtur
1274 3382 1327 3433 aut
1349 3370 1492 3436 invidere

541 3472 688 3548 fortunae,
703 3479 758 3532 aut
773 3467 877 3530 officio
892 3487 957 3529 non
974 3464 1110 3528 differre.
1149 3467 1233 3530 Nam
1249 3470 1334 3552 apud
1346 3471 1492 3538 Gnatho·

540 3574 631 3638 nicos
646 3571 787 3635 veritatis
801 3569 975 3652 eloquium,
990 3568 1112 3631 crimen
1135 3578 1184 3632 est
1196 3570 1379 3655 majestatis.
1424 3576 1489 3638 lm-

541 3685 663 3759 petrata
687 3685 794 3738 tamen
819 3671 920 3747 venia,
943 3690 1044 3734 unum
1069 3692 1128 3754 pro
1148 3674 1298 3736 membris
1323 3676 1356 3738 in
1379 3677 1491 3742 auditu

543 3776 658 3859 capitia
672 3776 789 3851 insero,
804 3794 867 3837 non
882 3783 989 3835 tamen
1005 3794 1079 3854 ego,
1091 3771 1149 3836 sed
1164 3775 1292 3856 spiritus
1315 3778 1492 3862 sapientia,

541 3878 670 3961 spiritus
684 3876 835 3952 veritatis,
850 3875 979 3957 spiritus
995 3884 1140 3938 sanctus:
1166 3870 1231 3947 Qui
1243 3879 1369 3943 obturat
1384 3902 1491 3945 aurem

543 3999 633 4042 enam
648 3978 689 4041 ad
705 3980 875 4041 clamorem
897 3977 1057 4059 pauperis,
1071 3989 1103 4039 et
1117 3978 1186 4059 ipse
1206 3979 1367 4059 clamabit,
1383 3994 1415 4044 et
1428 4002 1492 4044 non

542 4078 741 4143 exaudietur.
787 4078 863 4140 Non
885 4077 1035 4161 equidem
1058 4077 1248 4142 exaudietur
1265 4102 1282 4145 a
1298 4082 1403 4164 capite
1425 4102 1495 4161 suo,

544 4179 696 4263 quoniam
711 4190 809 4262 caput
823 4179 893 4264 ejus
909 4179 1054 4243 Christus
1069 4192 1129 4257 eat,
1144 4190 1176 4243 et
1191 4181 1224 4242 in
1249 4181 1376 4244 Christo
1391 4183 1492 4259 Deus,

544 4291 577 4344 et
591 4282 681 4344 Deus
700 4281 856 4359 Christus,
870 4281 925 4364 qui
946 4282 1061 4344 liberat
1083 4301 1255 4362 pauperem
1270 4303 1290 4343 a
1304 4292 1446 4364 potente,
1461 4296 1494 4349 et

544 4382 715 4464 confringit
743 4383 851 4446 omnia
880 4383 1070 4445 intumentia
1098 4400 1198 4461 regna
1225 4392 1385 4460 terrarum,
1409 4385 1491 4470 lapis

546 4483 700 4566 praecisus
714 4484 754 4548 de
768 4494 875 4549 monte
896 4485 965 4546 siue
983 4482 1144 4559 manibus,
1158 4482 1295 4565 eripiens
1309 4484 1438 4570 inopem
1454 4490 1493 4552 do
