4084 5634
1307 338 1588 524 Mos,

540 826 720 908 censui]
897 843 1148 893 eourcaarrcos.
1430 828 1495 890 28³

542 1000 625 1063 Haec
639 1010 687 1063 cst
702 998 785 1060 enim
802 995 874 1062 fons
888 1008 920 1060 et
935 992 1026 1080 origo
1047 994 1146 1061 totius
1161 993 1334 1068 modestiae,
1350 993 1416 1058 sine
1430 1017 1499 1081 qna

543 1099 621 1163 nihil
645 1115 731 1164 recte
753 1101 785 1164 in
811 1096 922 1163 officiis
947 1109 1124 1163 exercetur.
1169 1095 1220 1161 Ab
1247 1096 1306 1161 hac
1331 1095 1410 1161 alios
1434 1095 1500 1161 alia

542 1201 653 1267 decere
668 1199 717 1267 rel
733 1199 885 1265 dedecere
898 1213 1019 1268 certum
1035 1212 1094 1263 est.

646 1317 718 1377 Nam
730 1317 798 1387 quod
810 1323 884 1389 turpe
896 1317 970 1370 bonis
981 1317 1052 1381 Seio,
1064 1315 1197 1385 Titioque,
1209 1316 1311 1370 decebit

647 1404 805 1476 Crispinum.

541 1506 706 1593 Perspicui
721 1529 799 1592 ergo
818 1505 934 1571 erroris
952 1520 1013 1582 est,
1027 1504 1070 1573 ad
1089 1503 1334 1571 fundamentum
1352 1504 1446 1571 famoe
1463 1516 1496 1571 et

541 1609 663 1695 gloriae,
684 1630 869 1674 consumere
892 1608 990 1673 vitam
1013 1611 1047 1677 iu
1070 1606 1199 1688 talibus,
1217 1629 1291 1691 qum
1310 1619 1366 1670 aut
1384 1603 1498 1673 ociosa

541 1713 766 1798 occupationes
781 1720 867 1786 sunt,
877 1721 934 1773 aut
949 1707 1106 1794 flagitiosa
1120 1708 1258 1794 negotia.
1288 1707 1437 1773 Profecto
1452 1707 1498 1774 sic

542 1813 798 1904 delinquentium
829 1811 989 1896 particeps
1021 1825 1080 1890 est,
1109 1812 1167 1897 qui
1195 1833 1307 1876 eorum
1336 1809 1497 1877 lasciviam

543 1915 687 1989 exhibet,
707 1925 740 1981 et
763 1925 875 1977 auctor
902 1911 1115 1982 videturesse
1137 1911 1276 1977 luxuria)
1298 1911 1420 1991 alienae,
1440 1911 1498 1998 qui

543 2037 612 2081 eam
635 2013 758 2085 mavult
786 2013 970 2098 sumptibus
995 2015 1159 2098 prosequi,
1182 2011 1234 2077 vel
1254 2013 1375 2090 favore,
1398 2033 1498 2098 quem

542 2117 691 2204 persequi
716 2116 931 2202 increpatione
954 2114 1110 2194 adhibita,
1136 2129 1168 2180 et
1195 2115 1377 2202 sumptibus
1403 2113 1498 2179 dene-

542 2219 637 2305 gatis.
687 2216 852 2304 Siquidem
883 2216 1069 2283 Ambrosius
1098 2229 1210 2283 auctor
1239 2230 1304 2285 est:
1338 2216 1416 2303 quia
1439 2215 1501 2304 qui

542 2319 662 2389 talibus
690 2317 801 2395 donat,
829 2328 994 2403 peccatum
1029 2315 1152 2402 grande
1187 2314 1369 2383 committit.
1424 2320 1502 2385 Hoc.

541 2424 625 2489 enim
640 2421 729 2488 fouet
743 2419 777 2483 in
792 2417 848 2500 eis,
862 2419 895 2483 in
912 2441 977 2510 quo
991 2417 1179 2502 nequissimi
1194 2409 1286 2485 sunt'

544 2632 623 2714 Cap.
649 2635 698 2694 ts.
729 2633 782 2701 De
798 2629 1018 2711 frugalitatis
1049 2630 1331 2704 commendatione,
1359 2636 1392 2692 et
1421 2637 1498 2697 nota

588 2732 791 2807 Qunuurane
817 2731 850 2792 ἑτι
879 2729 1053 2796 Senecam:
1085 2737 1117 2794 et
1146 2731 1299 2812 quomodo.
1314 2732 1497 2816 frugaliter

582 2833 684 2918 possit
698 2830 847 2897 avarem
860 2831 1001 2912 suspicio
1011 2831 1160 2897 desituri.

586 2981 773 3047 Luxunmu
794 2979 941 3066 persequi
957 2979 1067 3044 videor
1088 2979 1128 3043 ad
1145 2978 1270 3044 laudem
1293 2978 1501 3064 frugalitatis,

543 3082 686 3169 mihique
708 3083 749 3147 ab
772 3082 911 3161 insulsis,
932 3082 1041 3168 inepte
1063 3081 1255 3159 viventibus,
1278 3095 1308 3146 et
1328 3082 1499 3148 indiscrete

543 3184 760 3270 loquentibus,
776 3182 857 3248 illud
882 3182 989 3248 Publii
1012 3183 1119 3250 Clodii
1136 3182 1361 3248 subsannando
1383 3183 1500 3268 iugeri-

541 3293 606 3364 tur‚
620 3283 697 3370 quia
711 3283 880 3368 frugalitas
890 3283 965 3348 boni
981 3287 1118 3348 rumoris
1128 3283 1247 3347 inserta
1261 3294 1320 3345 est.
1349 3281 1394 3344 Hi
1411 3295 1498 3361 sunt,

544 3385 695 3472 quidum
714 3383 875 3448 luxuriam
890 3384 992 3448 vitare
1008 3383 1132 3461 nolunt,
1148 3383 1199 3446 vel
1221 3396 1395 3468 nequeunt,
1410 3383 1500 3469 quic·

543 3485 622 3575 quid
638 3509 697 3571 pro
713 3485 832 3550 virtute
847 3485 977 3562 dicitur,
989 3484 1132 3550 avaritia
1144 3484 1356 3570 patrocinium
1369 3498 1497 3572 putant.

543 3591 641 3654 Secus
662 3586 793 3675 quidem
816 3601 873 3652 est.
912 3587 1089 3652 Luxuriam
1116 3607 1175 3673 per
1199 3609 1231 3649 se
1253 3599 1379 3672 turpem
1403 3610 1497 3653 nemo

542 3691 689 3778 ambigit,
714 3701 746 3754 et
773 3688 845 3754 licet
874 3688 1044 3775 frugalitas
1074 3692 1115 3754 sit
1146 3702 1296 3774 tanquam
1324 3688 1495 3767 virtutum,

543 3793 764 3880 bonorumque
797 3815 929 3880 operum
959 3796 1050 3878 origo
1085 3789 1265 3869 laudabilis,
1295 3813 1356 3854 non
1392 3803 1497 3854 tamen

543 3894 691 3961 omnibus
705 3895 821 3981 placet,
836 3916 893 3958 nec
913 3892 1050 3956 credunt
1065 3891 1229 3955 avaritiam
1254 3890 1384 3953 malitiae
1406 3889 1498 3953 fomi-

544 4011 607 4061 tem
623 4019 714 4083 posse
735 3996 842 4077 vitari,
857 3995 915 4058 nisi
931 4008 961 4058 et
986 3990 1155 4077 frugalitas
1173 3990 1327 4073 fugiatur.
1372 3993 1497 4076 Nempe

543 4098 745 4164 indoctorum
761 4098 831 4161 haec
844 4096 954 4181 opinio
968 4108 1027 4158 est.
1066 4092 1112 4156 Ut
1129 4090 1212 4154 enim
1228 4090 1273 4155 nit
1281 4089 1438 4197 Qus,

651 4225 721 4277 Dum
734 4226 818 4277 ritsnt
829 4221 913 4286 stulti,
924 4221 988 4273 vitia
1001 4221 1028 4271 in
1041 4217 1167 4270 contraris
1179 4221 1291 4280 currunt,

546 4335 727 4401 recedentes
746 4360 765 4400 a
784 4336 890 4407 medio
913 4334 1165 4415 vitiorumque
1184 4330 1272 4415 regio
1292 4327 1421 4393 virtutis
1442 4344 1501 4396 est.

547 4439 626 4502 Sunt
644 4449 748 4502 tamen
770 4438 888 4522 quibus
903 4434 1073 4521 frugalitas
1088 4445 1135 4496 est
1160 4429 1343 4510 inhibenda,
1358 4444 1394 4495 ut
1420 4454 1499 4517 quo·
