4084 5634
539 820 609 863 cnr.
626 799 715 878 xna]
916 813 1170 859 rcurcnnmcus.
1427 801 1492 860 *285

540 967 696 1031 videatur.
741 971 824 1032 Sunt
841 978 944 1030 tamen
961 967 1018 1050 qui
1034 988 1109 1029 eum
1124 979 1325 1028 contemnere
1339 964 1490 1044 audeant,

540 1067 730 1142 Quintiliani
750 1066 940 1131 auctoritate
963 1065 1047 1142 freti,
1065 1088 1158 1129 suum
1174 1087 1213 1128 ex
1230 1088 1267 1127 eo
1286 1065 1491 1130 nobilitantes

535 1171 706 1258 judicium,
722 1171 747 1234 si
759 1174 786 1234 ei
803 1170 986 1244 detrahant,
1002 1173 1057 1254 qui
1068 1167 1214 1254 plurimis
1227 1167 1341 1254 placet,
1355 1180 1390 1231 ut
1403 1166 1490 1252 apud

540 1273 685 1337 indoctos
700 1296 808 1337 eorum
820 1272 952 1356 gloriam
970 1272 1140 1334 videantur
1151 1269 1341 1356 praecedere,
1353 1291 1490 1354 quorum

539 1375 692 1439 virtutem
723 1387 887 1460 nequeunt
917 1372 1045 1436 imitari.
1100 1371 1184 1434 Mihi
1215 1386 1318 1435 tamen
1350 1371 1493 1457 desipere

541 1476 702 1552 videntur,
732 1476 789 1561 qui
814 1495 1037 1562 quemcunque
1067 1474 1178 1545 secuti,
1209 1495 1271 1536 non
1302 1493 1493 1538 venerantur

539 1603 625 1653 eum,
640 1602 735 1664 quem
750 1591 783 1642 et
806 1577 955 1662 Apostoli
978 1574 1222 1639 familiaritatem
1247 1576 1397 1641 meruisse
1419 1600 1493 1642 con·

540 1694 615 1758 stat,
636 1691 667 1742 et
683 1701 702 1741 a
716 1678 899 1742 doctissimo
921 1690 1012 1761 patre
1039 1676 1236 1760 Hieronymo
1257 1677 1289 1739 in
1313 1693 1493 1748 sanctarum

540 1781 686 1864 catalogo
701 1779 849 1865 positum.
893 1779 942 1842 Ut
957 1790 1061 1841 tamen
1079 1790 1111 1840 et
1131 1777 1171 1840 de
1186 1777 1372 1855 Quintiliani
1394 1782 1495 1866 possis

536 1880 681 1967 judicare
699 1879 833 1966 judicio,
859 1880 955 1945 verba
976 1879 1087 1964 ipsius,
1102 1901 1175 1963 quae
1198 1879 1403 1966 scriptoribus
1417 1906 1494 1947 enu-

542 1983 678 2056 meratis,
701 1983 733 2045 in
757 1981 989 2066 sugillationem
1014 1982 1140 2044 Senecae
1170 1983 1287 2067 posuit,
1310 1982 1377 2046 haec
1399 1999 1494 2050 sunt:

543 2085 596 2148 Ex
622 2084 780 2148 industria
804 2086 953 2149 Senecam
984 2083 1017 2146 in
1044 2084 1129 2146 omni
1159 2106 1275 2167 genere
1304 2085 1493 2172 eloquentiae

543 2200 701 2251 versatum
725 2185 847 2262 distuli,
873 2199 1005 2272 propter
1020 2185 1183 2269 vulgatam
1206 2185 1286 2251 falso
1300 2188 1341 2252 de
1356 2213 1406 2254 me
1427 2193 1496 2276 opi-

542 2290 679 2366 nionem,
694 2311 759 2374 qua
770 2287 922 2353 damnare
937 2309 1008 2353 eum
1025 2300 1056 2351 et
1068 2287 1203 2351 invisum
1220 2310 1351 2375 qnoque
1367 2292 1495 2374 habere,

540 2391 682 2455 creditus
696 2413 778 2454 sum.
824 2388 918 2466 Quod
935 2387 1051 2452 accidit
1063 2387 1139 2451 mihi
1155 2388 1231 2452 dum
1249 2406 1446 2475 corruptum,
1463 2407 1495 2459 et

542 2492 691 2555 omnibus
720 2491 806 2553 vitiis
828 2489 965 2553 fractum
989 2487 1114 2551 dicendi
1143 2511 1256 2572 genus,
1285 2513 1432 2557 revocare
1453 2497 1495 2560 ad

543 2593 699 2654 severiora
709 2590 832 2673 judicia
844 2588 1012 2665 contendo,
1027 2611 1125 2673 quum
1139 2590 1206 2673 jam
1223 2590 1309 2654 solua
1321 2592 1371 2656 hic
1383 2595 1449 2657 fere
1460 2599 1494 2660 in

543 2691 687 2756 manibus
715 2691 951 2755 adolescentum
983 2689 1090 2754 fuerit.
1136 2691 1237 2767 Quem
1261 2715 1323 2755 non
1345 2694 1494 2780 equidem

543 2792 680 2857 conabar
694 2793 822 2855 omnino
837 2805 997 2866 excutere,
1013 2791 1068 2854 sed
1082 2791 1259 2876 potioribus
1274 2796 1416 2880 praeferri
1432 2821 1495 2863 non

544 2890 1494 2981 sinebam,quosillenondestiteratincessere,quumdiversi

543 2995 603 3059 sibi
626 2994 769 3058 conscius
789 2994 925 3079 generis,
949 2993 1072 3079 placere
1087 3017 1119 3058 se
1142 2993 1324 3060 indicendo
1345 3019 1446 3086 posse,
1461 3001 1496 3067 in

543 3097 663 3181 quibus
672 3096 717 3160 illi
730 3095 901 3182 placerent,
914 3094 1083 3160 diffideret.
1120 3097 1283 3162 Amabant
1299 3123 1371 3165 eum
1384 3103 1495 3188 magis,

545 3221 641 3283 quam
671 3198 891 3277 imitabantur,
922 3212 1114 3284 tantumque
1143 3200 1185 3263 ab
1215 3201 1270 3264 illo
1299 3202 1494 3282 defluebant,

544 3311 700 3382 quantum
723 3296 776 3361 ille
798 3299 839 3362 ab
862 3299 1002 3383 antiquis
1031 3297 1246 3365 descenderat.
1291 3303 1388 3369 Foret
1410 3308 1493 3371 euim

544 3398 732 3484 optandum,
755 3422 848 3481 parea
870 3423 905 3463 ac
928 3399 1038 3463 saltem
1069 3401 1230 3484 proximos
1252 3402 1298 3468 illi
1325 3406 1394 3469 viro
1416 3409 1495 3474 lieri.

547 3502 609 3566 Sed
633 3502 779 3588 placebat
802 3514 933 3589 propter
948 3502 1015 3567 sola
1038 3503 1126 3580 vitia,
1141 3518 1173 3569 et
1195 3504 1235 3568 ad
1251 3528 1287 3570 ea
1309 3529 1342 3571 se
1357 3511 1496 3598 quisque¹

545 3605 703 3690 dirigebat
724 3603 912 3688 effingenda,
929 3627 1003 3690 quae
1026 3617 1160 3690 poterat.
1206 3607 1331 3673 Deinde
1347 3634 1445 3697 quum
1462 3638 1496 3680 ae

540 3706 678 3790 jactaret
708 3704 817 3768 eodem
849 3706 944 3768 modo
980 3704 1096 3783 dicere,
1132 3709 1280 3772 Senecam
1310 3711 1494 3783 infamabat.

545 3809 650 3894 Cujus
665 3820 696 3870 et
712 3805 822 3870 multae
837 3805 989 3891 alioquin,
1005 3821 1038 3872 et
1056 3830 1179 3891 magnae
1201 3809 1334 3875 virtutes
1353 3817 1495 3895 fuerunt,

544 3910 706 3994 ingenium
724 3905 813 3971 facile
827 3921 858 3971 et
874 3906 1050 3992 copiosum,
1071 3908 1244 3991 plurimum
1267 3910 1377 3989 studii,
1394 3917 1496 3982 multa

545 4032 650 4074 rerum
666 4008 813 4093 cognitio,
824 4012 855 4072 in
872 4030 937 4093 qua
952 4021 1056 4071 tamen
1074 4008 1245 4094 aliqnando
1259 4012 1360 4089 abiis,
1376 4017 1408 4079 in
1425 4020 1496 4104 qui.

545 4109 949 4198 businquireudaquaedam
962 4109 1144 4185 mandabat,
1154 4109 1307 4197 deceptus
1322 4128 1379 4181 est.
1393 4119 1496 4187 Trac-

546 4214 626 4276 tavit
642 4214 735 4277 etiam
751 4234 875 4276 omnem
892 4215 956 4276 sere
971 4211 1111 4274 omnium
1130 4211 1307 4278 studiorum
1323 4223 1496 4289 materiam.

548 4317 631 4376 Nam
658 4327 689 4377 et
715 4314 871 4377 orationes
894 4315 975 4399 ejus,
999 4327 1032 4377 et
1055 4327 1211 4399 poemata,
1236 4329 1268 4379 et
1289 4320 1442 4400 epistola,
1464 4342 1497 4391 et

549 4413 666 4499 dialogi
696 4417 853 4479 feruntur.
906 4419 943 4480 ln
975 4416 1176 4501 philosophia
1207 4440 1319 4501 parum
1350 4421 1498 4509 diligens,
