4084 5634
551 872 621 918 one.
637 854 769 934 mun]
904 869 1160 916 murcmrrcus.
1458 857 1499 915 73

550 1025 685 1101 molitur,
696 1044 790 1108 quam
807 1045 980 1089 excaecare.
1025 1024 1158 1105 Semper
1173 1019 1302 1106 quidem
1313 1022 1498 1107 juvenescit

549 1125 582 1185 in
598 1124 684 1201 vitio,
699 1147 770 1209 quae
786 1147 950 1210 nunquam
974 1124 1127 1205 gravitate
1145 1144 1295 1185 sensnum
1312 1131 1496 1198 maturatur,

548 1223 635 1301 levis,
664 1224 795 1298 lasciva,
825 1225 958 1307 loquax,
982 1234 1015 1287 et
1043 1243 1116 1306 quae
1146 1222 1187 1286 ad
1217 1243 1345 1285 omnem
1375 1242 1496 1299 auram,

547 1323 657 1406 quavis
673 1323 829 1388 arundine
845 1325 941 1388 citius
955 1324 1102 1407 agitatur.

545 1593 625 1676 Cap.
646 1597 697 1657 28.
721 1597 925 1659 Auctoritute
943 1594 1182 1657 Socraticorum
1210 1593 1341 1676 quondo
1366 1597 1438 1677 quis
1456 1595 1496 1659 dc

579 1715 637 1758 suo
649 1697 908 1769 commendatur,
923 1704 954 1758 et
971 1695 1101 1779 quando
1115 1696 1226 1758 alieno
1242 1697 1285 1757 sit
1301 1695 1459 1760 laudatio.

588 1829 640 1891 Er
661 1830 741 1892 licet
768 1829 803 1891 hi
824 1829 974 1893 tibicines
997 1828 1157 1904 vanitatis,
1179 1829 1311 1893 aliomm
1340 1832 1494 1915 supplan·

545 1930 661 1992 tationi
690 1950 815 2014 semper
845 1930 1005 2006 insistant,
1038 1931 1071 1992 in
1103 1929 1380 1995 commendatione
1409 1929 1494 1996 illius

546 2031 633 2114 quod
664 2032 801 2095 maxime
832 2052 923 2094 suum
953 2031 1108 2116 cujusque
1138 2044 1197 2109 est,
1226 2043 1282 2097 aut
1310 2033 1412 2097 rarius
1440 2056 1494 2098 oc·

545 2142 713 2216 cupantur,
728 2148 782 2197 aut
801 2133 918 2196 minus.
961 2134 1056 2197 'llrnc
1078 2134 1163 2196 enim
1185 2135 1321 2219 quisque
1340 2136 1491 2212 maxime,

544 2245 576 2296 et
600 2234 641 2298 dc
663 2255 721 2298 suo
743 2235 995 2311 commendatur,
1012 2256 1111 2320 quum
1128 2234 1169 2300 ad
1191 2236 1357 2321 sapientia
1381 2237 1493 2302 laudes

543 2333 653 2414 lingua
673 2334 879 2416 praedicantis
899 2333 1036 2399 accedit.
1082 2335 1206 2399 Caetera
1225 2357 1365 2420 namque
1384 2338 1493 2400 omnia

543 2434 647 2498 aliena
673 2447 755 2498 sunt
801 2436 903 2499 Suum
932 2435 1100 2520 cujusque,
1125 2435 1214 2518 quod
1240 2435 1333 2522 sapit.
1378 2437 1492 2518 Suum,

541 2536 683 2619 inquam,
697 2559 763 2601 non
783 2550 891 2601 tamen
905 2558 925 2600 a
939 2557 985 2613 se,
1000 2536 1059 2600 sed
1075 2537 1116 2599 ab
1131 2558 1171 2599 eo
1187 2537 1279 2621 cujus
1294 2559 1411 2602 munus
1432 2549 1492 2614 est,

541 2638 695 2721 quicquid
711 2636 838 2701 landem
852 2647 989 2699 meretur
1002 2637 1036 2699 in
1051 2637 1193 2699 homine.
1234 2638 1281 2700 Et
1294 2638 1348 2701 hic
1363 2638 1494 2722 quidem

542 2759 607 2801 non
629 2759 721 2801 meus
742 2747 791 2800 est
811 2757 925 2814 sermo,
946 2736 1003 2799 sed
1027 2756 1123 2818 quem
1145 2738 1289 2801 omnium
1310 2739 1491 2821 sapientum

542 2850 646 2903 coetue
665 2839 881 2914 concelebrat,
900 2849 932 2901 et
952 2857 1047 2920 quem
1068 2837 1100 2900 in
1118 2838 1212 2915 libro,
1231 2839 1286 2923 qui
1309 2838 1492 2905 inscribitur

542 2942 581 3005 de
604 2944 675 3007 Deo
698 2941 850 3017 Socratis,
871 2940 965 3004 facile
987 2951 1037 3004 cst
1056 2939 1208 3004 invenire.
1259 2941 1361 3027 Cujus
1381 2945 1488 3024 rerba,

540 3055 669 3127 propter
697 3043 889 3125 elegantiam
918 3063 1079 3120 sensuum,
1108 3055 1140 3106 et
1168 3043 1320 3108 orationis
1347 3045 1488 3127 lepidam

541 3146 875 3218 venustatem‚‚curavi
897 3145 1049 3219 inserere,
1074 3144 1181 3207 uthis
1203 3166 1275 3227 quas
1295 3146 1488 3226 scribuntur,

540 3245 719 3329 promptius
737 3242 926 3307 adhibeatur
939 3244 1033 3320 fides,
1048 3266 1147 3328 quum
1163 3244 1203 3307 de
1218 3246 1387 3329 purissimo
1402 3247 1489 3312 tonte

541 3345 698 3429 majorum
721 3345 833 3408 eadem
855 3346 1049 3427 profluxisse
1071 3345 1258 3407 constiterit.
1304 3347 1358 3409 Ait
1380 3347 1489 3431 itaque

540 3447 715 3530 Apuleius:
751 3445 843 3508 Nihil
866 3466 957 3530 aeque
978 3446 1083 3522 miror,
1098 3445 1186 3529 quod
1200 3467 1297 3529 quum
1321 3443 1433 3512 omncs
1456 3460 1489 3515 et

539 3550 671 3632 cupiant
699 3549 820 3632 optime
851 3547 967 3625 rivere,
988 3555 1021 3610 et
1049 3547 1154 3610 sciant
1181 3569 1247 3611 non
1277 3549 1339 3613 alia
1367 3571 1400 3615 re
1423 3551 1486 3615 riri

539 3672 634 3734 quam
656 3651 773 3728 animo,
793 3671 854 3714 uec
877 3649 947 3712 fieri
969 3670 1074 3734 posse,
1089 3650 1178 3732 quin,
1193 3661 1229 3715 ut
1248 3653 1368 3733 optime
1387 3654 1486 3733 vivas,

538 3752 663 3815 animus
685 3750 840 3816 colendus
859 3753 913 3827 sit,
935 3763 1041 3815 tamen
1063 3752 1210 3816 homines
1231 3754 1372 3819 animum
1393 3778 1486 3820 suum

538 3874 605 3918 non
624 3856 740 3918 colant.
788 3857 838 3932 At,
858 3854 886 3917 si
912 3854 984 3938 quis
1005 3854 1083 3918 velit
1105 3854 1217 3918 acriter
1239 3876 1378 3934 cernere,
1399 3858 1486 3922 oculi

539 3955 674 4019 curandi
702 3967 787 4033 sunt,
809 3956 927 4040 quibus
955 3955 1102 4019 comitur.
1148 3956 1184 4019 Si
1210 3959 1289 4021 velis
1313 3959 1486 4040 perniciter

539 4077 673 4133 currere,
688 4057 789 4139 pedes
804 4057 934 4121 curandi
951 4067 1034 4136 sunt,
1050 4057 1168 4139 quibus
1182 4059 1325 4122 curritur.
1368 4057 1485 4120 Itidem

540 4159 566 4221 si
596 4159 751 4242 pugillare
780 4158 884 4222 valide
914 4161 1003 4238 volis,
1031 4160 1163 4223 brachia
1192 4158 1372 4240 vegetanda
1401 4170 1485 4238 sunt,

540 4261 656 4342 quibus
685 4261 868 4346 pugillatur.
931 4261 1082 4325 Similiter
1111 4262 1144 4323 in
1174 4261 1325 4322 omnibus
1361 4259 1485 4324 caeteris

540 4362 687 4425 membris
701 4384 759 4426 sua
775 4363 890 4447 cuique
901 4384 977 4426 cura
991 4383 1051 4446 pro
1063 4361 1169 4424 studio
1182 4369 1239 4423 est.
1273 4359 1369 4431 Quod
1386 4381 1483 4443 quum

538 4461 630 4526 facile
658 4485 769 4528 omnes
797 4465 1003 4548 perspiciant,
1026 4483 1151 4544 nequeo
1182 4463 1258 4525 sotis
1287 4483 1412 4527 mecum
1435 4486 1482 4529 re-
