4084 5634
1014 586 1045 614 ,.
1119 337 1436 647 pura,

467 855 619 940 canna]
814 875 1069 922 retroasrrcus.
1352 858 1417 919 ,89

468 1049 538 1091 esse
553 1028 697 1092 idoneus.
743 1028 855 1091 Timor
869 1029 953 1092 enim
973 1027 1057 1092 sicut
1077 1025 1242 1089 modestiae
1258 1036 1414 1107 cognatus

455 1140 528 1221 ¹est,
544 1130 590 1192 ia
609 1106 1432 1212 samrmnffapnttssmnh'ss‘dffiu·

467 1214 1051 1313 drentem‘tffrhffit'rjuasiturhine
1070 1226 1210 1311 quodam
1232 1225 1363 1290 rationis
1382 1233 1416 1288 et
1500 1292 1506 1302 ,

467 1330 685 1410 intelligentiae
711 1329 902 1413 prrastringit
926 1329 1065 1404 oculum,
1088 1328 1146 1392 sed
1170 1329 1226 1411 qui
1251 1326 1416 1410 componit

467 1431 620 1508 animum,
635 1442 667 1492 et
684 1432 775 1514 quasi
796 1430 982 1492 humilitatis
1004 1427 1116 1506 lomes,
1131 1429 1293 1492 hominem
1310 1425 1416 1490 reddit

467 1530 506 1593 ad
529 1533 637 1594 onmia
658 1532 783 1596 virtutis
806 1532 914 1595 officia
936 1531 1101 1614 aptiorem.
1154 1528 1251 1593 Unde
1274 1529 1416 1592 inlibris

468 1632 621 1696 Noctium
650 1633 826 1696 Atticarum
855 1633 967 1696 scribit
995 1633 1098 1695 Aulus
1123 1631 1260 1707 Gellius,
1284 1630 1330 1692 vir
1354 1631 1417 1693 ele·

469 1734 573 1811 gantis
588 1735 718 1818 eloquii,
733 1745 767 1796 et
786 1735 895 1797 multra
914 1733 1069 1807 scientiae,
1085 1754 1118 1796 sa
1139 1731 1311 1815 aliquando
1328 1731 1416 1796 nari·

469 1857 560 1916 gesse
585 1857 657 1899 cum
685 1837 825 1921 quodam
849 1837 1055 1922 philosopho,
1081 1856 1183 1920 eoque
1209 1834 1311 1898 nobili
1335 1834 1417 1898 inter

469 1935 606 1999 Stoicos.
651 1937 720 2000 lllis
741 1947 845 2001 autem
866 1958 907 2000 ex
929 1958 1044 2019 magns
1064 1946 1154 2019 parte
1173 1934 1416 1999 incantantium

470 2033 562 2111 sedit,
592 2032 694 2099 timori
722 2038 828 2101 locum
858 2060 922 2102 uon
953 2059 1024 2101 esse
1053 2039 1084 2100 in
1115 2039 1221 2101 animo
1254 2036 1417 2119 sapientis,

470 2157 569 2219 quum
592 2138 701 2201 omnia
724 2161 767 2202 ex
792 2142 979 2205 necessitate
1001 2141 1202 2225 proveniant,
1221 2140 1416 2222 stultumque

469 2237 511 2300 sit
525 2239 645 2315 timere,
658 2239 744 2323 quod
761 2240 851 2304 vitari
866 2263 931 2304 non
947 2252 1066 2325 potest:
1089 2253 1122 2304 et
1133 2262 1151 2305 e
1162 2253 1273 2304 contra
1287 2240 1417 2303 unicum

470 2339 511 2402 sit
531 2341 716 2418 remedium,
731 2353 766 2405 ut
787 2344 833 2405 vir
854 2342 995 2425 prudens
1016 2342 1213 2406 fortitudinis
1233 2342 1315 2404 vires
1336 2362 1416 2423 prae·

469 2451 569 2522 paret,
591 2458 623 2505 et
643 2446 757 2506 robore
782 2445 956 2527 patientiae,
980 2445 1073 2527 quasi
1098 2443 1292 2507 solidissimo
1318 2441 1418 2504 animi

469 2541 581 2603 invicti
593 2543 719 2625 clypeo,
729 2544 837 2606 omnia
847 2545 912 2606 tela
920 2544 1122 2606 necessitatis
1132 2544 1284 2625 excipiat.
1310 2542 1417 2612 Quum

471 2662 546 2721 ergo
572 2643 733 2725 navigium
758 2647 885 2707 turbato
910 2645 1000 2716 mari,
1022 2655 1187 2706 ventorum
1209 2641 1420 2717 vehementia,

472 2741 619 2824 coeloqrre
647 2743 765 2805 minaci
802 2742 1071 2825 periculosissime
1102 2742 1286 2824 jactaretur,
1314 2740 1418 2823 philo-

472 2841 594 2923 sophus
624 2842 654 2905 vi
683 2842 805 2906 timoris
834 2843 1001 2925 expalluit.
1057 2840 1185 2905 Deinde
1212 2863 1308 2925 quum
1341 2849 1420 2904 tcm-

471 2955 593 3023 pestate
620 2953 782 3008 transacta
805 2945 959 3008 securitas
988 2943 1178 3028 praebuisset
1203 2941 1419 3027 colloquendi,

470 3055 504 3108 ut
525 3044 573 3121 fit,
594 3058 627 3110 et
648 3047 867 3129 congarriendi
889 3049 1008 3125 locum,
1029 3047 1189 3111 sociorum
1212 3068 1296 3110 unus
1319 3045 1418 3122 diros,

469 3147 664 3224 luxuriosus,
674 3146 846 3226 Asiaticus,
858 3149 958 3232 coepit
972 3151 1164 3232 compellare
1176 3146 1420 3228 Philosophum,

472 3257 505 3309 et
530 3247 665 3310 illudere
692 3248 733 3325 ei,
758 3270 796 3310 eo
820 3249 909 3332 quod
934 3262 1047 3313 contra
1072 3248 1303 3330 professionem
1329 3267 1419 3309 suam

471 3348 585 3410 timore
601 3344 767 3430 palluerat,
783 3370 880 3430 quum
899 3349 979 3431 ipse,
995 3350 1051 3432 qui
1065 3348 1195 3410 minime
1213 3345 1421 3429 philosopha·

472 3451 577 3526 batur,
589 3449 759 3512 mansisset
779 3448 959 3532 intrepidus
980 3449 1013 3511 in
1031 3469 1082 3522 eo,
1098 3447 1184 3531 quod
1203 3445 1420 3529 impendebat,

471 3551 580 3613 exitio.
628 3553 669 3613 Ar
683 3550 736 3612 ille
752 3549 907 3632 Aristippi
928 3549 1083 3613 Socratici
1103 3569 1290 3630 responsum
1306 3550 1422 3628 retulit,

472 3650 527 3731 qui
543 3671 641 3733 quum
657 3649 690 3710 in
711 3670 744 3712 re
763 3650 859 3713 simili
880 3650 1037 3728 similiter,
1053 3661 1085 3712 et
1098 3669 1118 3711 a
1134 3648 1294 3712 consimili
1309 3671 1419 3731 argue·

471 3763 565 3829 retur,
584 3751 765 3834 respondit:
788 3752 879 3815 illum
903 3773 961 3835 pro
983 3752 1090 3815 anima
1111 3751 1300 3835 nequissimi
1320 3754 1420 3815 nebu·

472 3853 556 3916 lonis
570 3854 682 3917 merito
696 3875 763 3916 non
778 3855 875 3918 fuisse
891 3855 1073 3917 solicitum:
1102 3875 1135 3917 se
1150 3866 1254 3918 autem
1272 3852 1421 3917 debuisse

472 3954 583 4017 timere
603 3976 661 4038 pro
681 3955 787 4019 anima
807 3957 971 4039 Aristippi.
1016 3957 1137 4021 Divitis
1154 3978 1229 4039 ergo
1245 3955 1421 4039 quaestions

474 4054 618 4138 depulsa,
655 4057 790 4120 accessit
826 4059 927 4120 Aulus
964 4059 1101 4135 Gellius,
1134 4079 1198 4121 uon
1235 4050 1423 4135 exagitandi

474 4155 593 4230 animo,
615 4155 671 4217 sed
696 4155 853 4233 discendi,
874 4157 1071 4220 familiariter
1092 4178 1249 4239 quaerens,
1273 4172 1422 4236 quaenam

475 4265 559 4318 esset
580 4277 677 4319 causa
701 4258 821 4321 timoris
843 4259 902 4336 sui,
925 4281 1023 4343 quum
1045 4268 1240 4341 praeceptum
1264 4254 1306 4317 sit
1326 4253 1421 4319 disci·

476 4355 572 4436 plinae
593 4357 783 4436 Stoicorum,
798 4381 838 4422 ne
855 4360 965 4422 mortis
980 4359 1128 4421 timeatur
1143 4355 1310 4433 adventus,
1325 4379 1421 4441 quarn

476 4466 601 4520 constat
624 4479 694 4521 esse
716 4457 886 4522 indubium
909 4458 1078 4522 terminum
1099 4457 1180 4519 vitre.
1226 4457 1284 4522 llle
1305 4471 1422 4536 autern,
