4084 5634
484 873 557 918 cae.
574 855 634 935 1v.]
840 869 1096 916 eocrcnarrcos.
1376 852 1440 911 ale

481 1035 587 1087 tamen
614 1037 651 1089 ut
676 1021 710 1086 id
736 1022 927 1106 respiciatur
952 1021 984 1085 in
1012 1018 1159 1105 singulis,
1180 1017 1268 1103 quod
1294 1017 1327 1080 in
1353 1016 1434 1080 facie

482 1126 632 1209 sapientis
653 1124 720 1188 sine
743 1122 860 1187 rubore
882 1135 913 1185 et
941 1136 1016 1185 nota
1044 1120 1147 1184 valeat
1174 1117 1340 1181 denudari.
1387 1115 1435 1180 Si-

482 1227 612 1312 quidem
628 1227 747 1291 imitari
766 1224 919 1289 debemus
939 1246 1025 1299 eum,
1041 1223 1096 1307 qui
1119 1220 1215 1286 solem
1239 1242 1333 1283 suum
1356 1217 1434 1283 facit

484 1327 559 1389 oriri
580 1326 795 1412 superbonus
817 1337 849 1388 et
874 1322 985 1398 malos,
1006 1335 1038 1386 et
1059 1320 1142 1406 pluit
1166 1342 1261 1405 super
1282 1320 1387 1404 justos
1404 1331 1438 1382 et

486 1425 631 1509 injustos.
677 1428 711 1490 Si
737 1425 818 1488 enim
847 1445 1019 1509 pauperem
1047 1422 1231 1487 histrionem
1261 1420 1436 1494 rideamus,

487 1541 544 1592 aut
568 1528 713 1602 mimum,
739 1549 801 1589 non
825 1526 979 1589 debemus
1005 1525 1118 1609 utique
1143 1523 1250 1586 fovere
1274 1521 1437 1596 malitiam,

485 1627 539 1691 sed
555 1643 744 1714 correptam,
758 1645 791 1692 et
806 1628 831 1691 si
848 1628 916 1691 fieri
932 1640 1037 1711 potest
1057 1625 1270 1699 emendatam,
1285 1624 1436 1687 fraterna

484 1729 625 1794 caritatis
642 1731 717 1815 jure
739 1743 866 1814 oportet
892 1727 1062 1792 sustentari
1089 1741 1245 1791 naturam.
1292 1722 1436 1809 Expedit

487 1832 572 1894 enim
606 1831 692 1893 omni
725 1831 846 1916 petenti
881 1830 1033 1909 tribue-re,
1066 1828 1113 1892 vel
1146 1828 1292 1893 affectum
1325 1826 1440 1890 mentis

485 1933 537 1995 vel
567 1932 714 1996 solatium
743 1933 893 1998 caritatis.
940 1931 1107 1996 Interdum
1138 1943 1242 1996 tamen
1273 1933 1436 2013 increpare

484 2034 625 2119 pigrum,
651 2037 857 2108 meretricem,
885 2032 933 2096 rel
958 2032 1142 2097 histrionem
1169 2030 1363 2095 confundere
1389 2051 1438 2093 sa·

488 2133 612 2199 lubrius
641 2148 700 2210 est,
730 2156 826 2220 quam
863 2132 950 2220 quod
985 2135 1119 2217 exigunt
1154 2132 1290 2216 elargiri.
1351 2129 1438 2206 Quid

488 2240 613 2299 moror?
651 2236 813 2321 Quicquid
829 2235 945 2300 caritas
958 2249 1080 2319 erogat,
1098 2247 1317 2300 remuneratur
1335 2257 1355 2297 a
1372 2235 1439 2297 Do-

486 2336 580 2401 mino.
619 2336 712 2415 Quod
728 2336 889 2422 dispensat
906 2336 1040 2414 vanitas,
1054 2335 1222 2399 evanescit.
1261 2335 1300 2398 In
1318 2332 1438 2412 Quinto

484 2438 639 2503 Considio
658 2438 856 2502 saluberrimi
878 2436 1029 2522 exempli,
1050 2459 1108 2502 nec
1130 2437 1197 2500 sine
1216 2458 1316 2521 parvo
1337 2437 1437 2523 ipsius

488 2541 607 2614 fructu,
635 2540 819 2616 liberalitas,
845 2539 999 2602 referente
1031 2535 1167 2614 Valerio,
1194 2549 1345 2601 annotata
1374 2551 1441 2602 eat:

488 2640 557 2728 qui,
574 2641 722 2705 Catilinae
738 2640 846 2705 furore
863 2639 909 2703 ita
930 2652 1131 2703 consternata
1150 2637 1326 2723 republica,
1342 2652 1379 2703 ut
1402 2663 1442 2704 ne

489 2767 509 2806 a
533 2743 745 2828 locupletibus
767 2740 898 2826 quidem
921 2739 1040 2803 debitae
1062 2740 1217 2826 pecuniae,
1240 2755 1370 2825 propter
1393 2755 1444 2807 tu-

490 2840 1442 2929 multum,pretiispossessionumdiminutis,solvioreditori·

492 2949 553 3012 bus
564 2958 708 3033 possent:
733 2967 832 3032 quum
846 2945 964 3008 centies
973 2957 1072 3029 atque
1085 2944 1297 3030 quinquagies
1308 2948 1444 3013 sestertii

489 3070 644 3113 summam
657 3048 688 3110 in
700 3048 821 3113 foenore
834 3046 975 3117 baberet,
988 3067 1092 3130 neque
1104 3043 1144 3108 de
1156 3060 1239 3111 sorte
1248 3070 1443 3134 quemquam

489 3151 670 3214 debitorum
687 3170 827 3223 snorum,
844 3170 946 3233 neque
961 3147 1001 3210 de
1024 3169 1121 3210 usura
1139 3170 1158 3209 a
1177 3151 1243 3212 suis
1262 3172 1373 3235 passus
1394 3163 1442 3214 est

489 3250 661 3326 conveniri,
689 3261 909 3334 quantumque
939 3252 971 3312 in
1001 3248 1072 3332 ipso
1100 3248 1175 3324 tuit,
1201 3249 1443 3313 amaritudinem

489 3350 627 3437 publicae
651 3349 857 3427 confusionis,
877 3349 1001 3434 privata
1024 3349 1255 3433 tranquillitate
1275 3349 1443 3434 mitigavit.

489 3457 692 3539 Opportune,
710 3452 905 3538 mirificeque
928 3464 1075 3531 testatus,
1097 3475 1130 3515 se
1150 3473 1351 3518 nummorum
1370 3477 1442 3519 suo·

489 3579 575 3632 rum,
587 3577 649 3618 non
665 3554 765 3618 civilis
778 3554 940 3639 sanguinis
951 3577 1020 3618 esse
1030 3554 1262 3618 loeneratorem.
1290 3558 1373 3620 Nam
1387 3556 1444 3643 qui

491 3681 576 3723 nunc
598 3658 759 3743 praecipue
781 3657 1011 3722 nundinatione
1034 3657 1242 3734 delectantur,
1267 3682 1367 3744 quum
1389 3682 1445 3746 pe·

488 3760 614 3823 cuniam
644 3759 774 3824 domum
800 3772 963 3824 cruentam
990 3758 1180 3840 retulerunt,
1205 3783 1299 3844 quam
1326 3761 1444 3848 impro-

491 3861 599 3925 bando
620 3861 765 3925 exultent
787 3861 919 3945 gaudio,
935 3874 1136 3945 cognoscent,
1154 3860 1178 3924 si
1200 3859 1370 3945 diligenter
1390 3865 1444 3927 Se·

491 3963 780 4040 natusconsultum,
816 3987 882 4048 quo
917 3962 1068 4027 Considio
1101 3962 1213 4044 grotiae
1249 3975 1329 4026 actoe
1359 3977 1444 4040 sunt,

490 4066 594 4151 legere
610 4088 671 4129 non
682 4065 886 4129 fastidierint.
922 4062 1089 4129 Subnectit
1105 4063 1180 4127 buic
1196 4063 1444 4149 Agrigentinum

492 4169 635 4243 Gillium,
655 4190 749 4254 quem
771 4166 1000 4252 propemodum
1024 4164 1123 4249 ipsius
1145 4162 1343 4229 liberalitatis
1364 4189 1445 4251 prae.

489 4270 598 4333 cordia
619 4282 742 4334 constat
764 4269 923 4333 babuisse.
970 4271 1050 4332 Erat
1069 4266 1186 4351 opibus
1207 4267 1373 4349 excellens,
1389 4271 1443 4335 sed

492 4370 594 4434 multo
609 4371 703 4435 etiam
722 4372 838 4447 animo,
854 4392 950 4457 qnam
972 4369 1105 4446 divitiis,
1121 4365 1319 4452 locupletior.
1358 4375 1444 4439 Sem.

491 4492 612 4557 perque
630 4474 662 4536 in
683 4472 843 4556 eroganda
863 4472 981 4558 potius,
1004 4495 1099 4558 quam
1122 4472 1154 4535 in
1174 4471 1372 4557 corripienda
1391 4499 1444 4564 pe.
