4084 5634
537 831 608 875 cae.
625 813 673 892 ιι]
893 831 1147 876 eomcnarrous.
1428 819 1490 877 253

539 1002 617 1065 crgo
642 983 674 1045 in
702 984 851 1066 praesenti
873 980 1013 1066 capitulo
1039 1005 1101 1045 non
1128 992 1191 1046 tam
1219 983 1369 1066 vestigiis,
1393 1004 1488 1067 quam

538 1083 683 1167 passibus
705 1083 902 1147 decrevimus
923 1084 1054 1162 imitari,
1069 1099 1099 1149 et
1123 1108 1163 1149 ex
1186 1084 1349 1170 opulentia
1363 1107 1491 1171 promp-

540 1186 635 1249 tuarii
651 1186 712 1263 sui,
728 1185 852 1251 cellulae
872 1199 989 1250 nostrae
1004 1187 1153 1271 supplere
1175 1185 1346 1268 angustias.
1386 1187 1493 1272 Siqui-

537 1287 608 1351 dem
625 1288 813 1374 conspicuus
827 1300 874 1350 est
895 1288 927 1351 in
944 1289 1117 1364 sententiis,
1132 1289 1165 1351 in
1182 1288 1287 1351 verbis
1301 1286 1445 1362 floridus,
1461 1305 1492 1353 et

539 1403 629 1454 tanta
648 1412 771 1453 morum
790 1400 955 1453 venustate
976 1388 1170 1464 redundans,
1187 1403 1223 1453 ut
1245 1390 1277 1452 in
1294 1389 1493 1453 institutione

538 1490 675 1555 convivii
691 1505 723 1554 et
746 1489 990 1576 dispensatione,
1007 1491 1199 1555 Socraticam
1222 1489 1366 1555 videatur
1388 1490 1493 1555 dnlce-

538 1593 644 1657 dinem
661 1592 838 1679 propinare.
878 1590 936 1654 Ait
951 1614 1046 1676 ergo:
1073 1593 1145 1657 Scio
1160 1591 1405 1678 philosophiam,
1418 1614 1492 1676 quae

538 1718 644 1759 rerum
661 1694 801 1756 omnium
823 1693 1017 1757 moderatrix
1034 1707 1093 1767 est,
1111 1695 1170 1758 hoc
1192 1695 1330 1781 primum
1347 1694 1493 1759 observa-

539 1809 655 1866 turam,
672 1809 709 1859 ut
732 1817 835 1858 secum
858 1795 993 1861 aestimet
1012 1796 1218 1882 praesentium
1238 1796 1365 1881 ingenia
1386 1799 1492 1860 convi-

539 1918 662 1975 varum,
677 1910 708 1960 et
725 1895 749 1959 si
766 1895 875 1981 plures
891 1896 1020 1981 peritos,
1035 1897 1083 1960 vel
1101 1896 1209 1961 saltem
1226 1910 1382 1961 amatores
1397 1899 1446 1961 sui
1458 1899 1490 1961 in

541 1996 677 2060 convivii
699 1996 847 2061 societate
867 1999 1029 2083 repererit,
1046 2020 1220 2062 sermonem
1243 1998 1283 2062 de
1299 2021 1331 2062 se
1352 1999 1493 2085 patietur

539 2097 663 2182 agitari.
696 2097 780 2176 Quia
793 2097 877 2161 relut
889 2120 1001 2183 paucas
1012 2098 1112 2162 literae
1123 2112 1234 2175 mutoe,
1246 2099 1398 2184 dispersas
1410 2101 1493 2162 inter

539 2198 657 2263 multas
672 2197 805 2273 vocales,
816 2201 847 2261 iu
860 2198 1040 2263 societatem
1055 2200 1140 2263 vocis
1150 2201 1246 2264 facile
1257 2214 1492 2279 mansuescunt,

537 2301 583 2365 ita
605 2301 739 2365 rariores
760 2301 911 2385 imperiti,
931 2301 1108 2385 gaudentes
1129 2303 1287 2365 consortio
1308 2302 1493 2386 peritorum,

538 2416 595 2467 aut
624 2417 797 2466 consonant
827 2401 851 2464 si
881 2425 947 2487 qua
982 2417 1126 2487 possunt,
1156 2421 1213 2467 aut
1243 2425 1349 2467 rerum
1380 2403 1490 2466 talium

538 2502 708 2588 capiuntur
720 2501 846 2565 auditu.
877 2501 911 2565 Si
925 2524 1000 2564 vero
1011 2501 1120 2584 plures
1134 2502 1175 2566 ab
1187 2502 1384 2567 institutione
1398 2503 1493 2565 disci·

539 2603 636 2689 plinae
650 2604 720 2688 ejus
739 2602 829 2666 alieni
854 2616 940 2679 sunt,
956 2602 1169 2689 prudentibus
1191 2604 1246 2688 qui
1262 2603 1427 2688 pauciores
1445 2603 1492 2666 in·

540 2718 694 2783 tererunt,
709 2705 827 2768 sauciet
843 2704 1092 2769 dissimulatione
1107 2705 1168 2785 sui,
1179 2718 1213 2770 ct
1227 2705 1367 2792 patietur
1383 2704 1492 2792 loqua-

539 2809 666 2873 citatem
697 2807 810 2892 majori
846 2805 928 2892 parti
958 2805 1162 2871 amicitiorem
1197 2830 1318 2884 sanare,
1347 2832 1387 2872 ne
1423 2830 1493 2872 rara

541 2910 689 2975 nobilitas
704 2933 723 2972 a
738 2908 831 2994 plebe
848 2908 1094 2973 tumultuosiore
1109 2911 1267 2975 turbetur.
1301 2911 1346 2974 Et
1360 2911 1429 2976 haec
1444 2925 1492 2976 est

541 3010 1069 3098 unadephilosophiaevirtutibus.
1105 3012 1189 3086 Quia
1200 3035 1299 3100 quum
1309 3027 1417 3077 orator
1428 3036 1490 3078 non

540 3112 632 3177 aliter
654 3111 713 3175 nisi
736 3111 856 3175 orando
877 3111 1043 3196 probetur,
1067 3111 1276 3198 philosophus
1298 3136 1359 3178 nou
1388 3116 1492 3179 minus

541 3212 674 3276 tacendo
689 3235 748 3297 pro
763 3226 916 3299 tempore,
931 3236 1027 3298 quam
1051 3214 1223 3299 loquendo,
1238 3214 1491 3301 philosophatur.

542 3314 594 3376 Sic
616 3336 693 3396 ergo
714 3317 807 3400 pauci
830 3315 886 3400 qui
909 3315 1044 3379 aderunt
1065 3315 1232 3396 doctiores,
1252 3320 1285 3381 in
1308 3339 1490 3383 consensum

542 3412 632 3476 rudis
646 3413 805 3492 consortii,
817 3413 902 3476 salva
916 3430 948 3478 et
964 3416 1047 3477 inter
1062 3437 1095 3477 se
1109 3417 1285 3501 quaestione
1297 3418 1492 3502 migrabunt,

543 3529 578 3579 ut
594 3515 696 3579 omnis
715 3514 881 3578 discordiae
901 3515 1039 3601 suspicio
1055 3514 1193 3581 facessat.
1241 3522 1308 3583 Nec
1323 3520 1451 3597 mirum,
1467 3522 1493 3586 si

542 3618 655 3683 doctus
675 3618 782 3696 faciet,
798 3618 886 3705 quod
908 3618 983 3682 fecit
1005 3619 1167 3703 quondam
1190 3621 1374 3686 Pisistratus
1392 3623 1493 3687 Athe·

543 3745 653 3788 narum
669 3725 849 3808 Tyrannus.
887 3722 951 3797 Qui
972 3744 1045 3786 cum
1070 3722 1142 3788 filiis
1158 3723 1223 3789 suis
1242 3739 1363 3789 rectum
1386 3725 1493 3791 dando

542 3822 706 3888 consilium
730 3846 793 3887 non
816 3823 1005 3888 obtinuisset
1030 3847 1201 3899 assensum,
1217 3839 1250 3891 et
1272 3825 1344 3889 ideo
1358 3839 1439 3888 esset
1461 3825 1494 3889 in

542 3923 703 3988 simultate
718 3946 790 3986 cum
806 3922 930 3987 liberis:
959 3921 1014 3986 ubi
1037 3923 1096 3987 hoc
1111 3923 1235 3987 aemulis
1254 3946 1379 3987 causam
1396 3923 1494 3988 fnisse

541 4024 652 4109 gandii
667 4023 833 4110 comperit,
843 4046 882 4087 ex
899 4023 953 4087 illa
967 4023 1123 4088 discordia
1139 4024 1342 4110 sperantibus
1351 4025 1382 4088 in
1399 4025 1494 4091 domo

543 4127 704 4211 regnantis
725 4126 811 4191 nasci
831 4150 922 4213 posse
944 4127 1130 4202 novitatem,
1150 4125 1355 4191 universitate
1376 4127 1492 4193 civium

499 4213 501 4217 ¹
543 4244 724 4308 convocata,
753 4231 810 4308 ait,
840 4227 1055 4292 succensuisse
1090 4227 1219 4314 quidem
1256 4250 1288 4291 se
1318 4227 1400 4305 filiis,
1432 4252 1492 4294 non

542 4331 813 4414 acquiescentibus
834 4332 946 4418 patriae
966 4332 1137 4404 voluntati,
1154 4328 1208 4392 sed
1232 4331 1291 4394 hoc
1305 4345 1415 4416 postea
1434 4333 1494 4398 sibi

545 4429 647 4492 visum
671 4452 737 4492 esse
759 4445 899 4516 paterna
921 4435 1030 4518 aptius
1051 4430 1174 4518 pietati,
1197 4445 1234 4496 ut
1256 4431 1286 4494 in
1310 4434 1493 4499 sententiam
