4084 5634
546 857 615 901 cae.
632 840 723 918 xxa]
881 856 1136 901 ronrcaamcus.
1155 888 1157 892 ,
1434 844 1496 903 373

546 1007 706 1092 depresso,
721 1005 851 1093 coeperit
867 1007 915 1070 uti
937 1006 1080 1082 arbitrio,
1097 1029 1155 1092 per
1175 1006 1315 1071 secedat
1335 1020 1446 1093 sponte
1461 1010 1494 1072 in

545 1109 684 1192 culpam,
709 1121 741 1173 et
765 1109 838 1171 inde
861 1109 975 1172 merito
1001 1132 1060 1172 suo
1083 1131 1225 1195 praeceps
1251 1110 1436 1194 prolabatur
1461 1112 1495 1175 in

545 1232 689 1295 poenam:
717 1210 796 1295 erigi
820 1223 924 1275 tamen
948 1232 1151 1294 nequaquam
1173 1222 1278 1294 potest
1300 1209 1341 1273 ad
1365 1211 1494 1290 bonum,

544 1309 604 1372 nisi
619 1311 724 1393 gratia
735 1310 797 1373 Dei
813 1321 973 1395 supponat
989 1306 1115 1371 manum
1129 1332 1230 1374 suam.
1262 1310 1346 1375 Lata
1356 1325 1404 1377 est
1418 1336 1495 1398 ergo

543 1412 775 1497 Epicureorum
796 1412 857 1491 via,
872 1426 904 1476 et
924 1410 1011 1475 haud
1028 1411 1159 1474 dubiam
1179 1411 1269 1475 ducit
1284 1412 1324 1474 ad
1349 1428 1494 1490 mortem,

545 1534 602 1597 per
625 1512 766 1599 pericula
788 1525 904 1591 tamen,
919 1534 976 1597 per
989 1533 1121 1589 errores,
1136 1533 1194 1596 per
1210 1512 1447 1592 amaritudines,
1462 1527 1494 1578 et

543 1635 601 1698 per
615 1614 813 1677 omnimodas
828 1614 994 1692 vanitates,
1010 1625 1046 1677 ut
1068 1613 1177 1677 laet'um
1193 1625 1226 1677 et
1249 1614 1391 1698 quietum
1409 1629 1494 1680 tran-

544 1714 653 1798 quillae
669 1716 744 1780 vitre
759 1728 877 1780 statum
894 1716 924 1779 in
940 1737 977 1777 ea
993 1715 1100 1780 nullus
1117 1715 1267 1795 inveniat,
1282 1715 1331 1778 vel
1346 1716 1387 1779 ad
1403 1717 1492 1781 illum

544 1817 684 1893 tandem,
695 1841 732 1882 ea
743 1818 889 1896 ducente,
899 1820 1073 1902 perveniat.
1102 1817 1184 1882 Nam
1197 1831 1233 1882 ut
1243 1840 1317 1881 vera
1329 1817 1494 1884 beatitudo

546 1918 757 2001 possideatur,
768 1943 830 1984 non
845 1920 940 1997 ranis,
952 1918 1006 1982 sed
1019 1919 1102 1982 veris
1112 1916 1320 1984 insistendum
1334 1935 1380 1985 est
1392 1921 1493 1985 bonis.

544 2019 633 2083 Vana
662 2023 746 2084 enim
772 2022 924 2086 cultorem
955 2043 1047 2085 suum
1071 2021 1261 2105 proturbant
1291 2022 1323 2085 in
1349 2023 1494 2087 tenebras

543 2121 726 2200 exteriores,
749 2122 790 2186 ad
813 2123 923 2187 fletum
949 2122 1125 2201 oculorum,
1148 2122 1314 2187 stridorem
1337 2122 1493 2201 dentium,

543 2223 693 2288 tinnitum
715 2225 852 2304 aurium,
866 2239 899 2289 ct
922 2224 1025 2288 varias
1044 2246 1215 2310 pressuras,
1232 2238 1263 2289 et
1284 2248 1395 2312 poenas
1414 2227 1492 2290 inse-

541 2347 661 2405 rorum,
675 2327 762 2413 apud
779 2351 859 2413 quos
870 2326 977 2391 nullus
991 2324 1082 2402 ordo,
1094 2325 1148 2388 sed
1161 2326 1369 2411 sempiternus
1381 2327 1492 2391 horror

541 2425 709 2491 inhabitat.

543 2769 622 2853 Cap.
639 2774 691 2831 95.
720 2771 803 2843 Quae
826 2770 880 2830 vta
892 2768 1090 2849 fidelissima
1116 2768 1168 2841 sic,
1191 2767 1236 2828 ad
1258 2769 1490 2852 assequendum

656 2871 742 2950 quod
755 2871 914 2951 Epicurei
929 2873 1096 2950 appetunt,
1111 2870 1160 2931 vel
1169 2869 1372 2950 pollicentur.

585 3030 787 3093 Saursurrae
800 3045 903 3092 tamen
917 3050 978 3092 uon
991 3039 1081 3091 struo
1091 3026 1292 3101 calumniam,
1306 3051 1380 3113 quae
1393 3029 1490 3094 beati-

543 3130 685 3194 tudinem
701 3152 770 3193 esse
784 3130 906 3208 definit,
922 3129 1031 3194 laetum
1051 3151 1184 3214 semper,
1199 3142 1231 3193 et
1246 3132 1389 3214 quietum
1405 3144 1489 3197 tran-

540 3230 649 3316 quiliae
670 3232 744 3295 vitae
764 3244 893 3296 statum.
930 3232 994 3296 sed
1014 3231 1275 3317 interpretatione
1298 3231 1435 3310 sinistra,
1455 3249 1487 3298 et

539 3332 652 3397 vitiosa
666 3332 862 3409 executione,
874 3332 1010 3397 arbitror
1025 3333 1219 3397 infamatam.
1247 3332 1336 3397 Adeo
1346 3335 1488 3418 quidem,

541 3448 577 3498 ut
593 3456 693 3518 quum
711 3433 860 3519 Epicurei
876 3437 938 3498 sint
955 3432 1096 3518 plurimi,
1110 3433 1143 3497 id
1159 3446 1217 3514 est,
1233 3436 1304 3498 vani
1320 3447 1488 3502 sectatores

539 3535 724 3621 voluptatis,
737 3558 849 3599 nomeu
860 3536 920 3600 hoc
931 3536 1025 3622 pauci
1037 3535 1256 3621 profiteantur.
1283 3537 1485 3604 Erubescunt

537 3639 621 3704 enim
637 3638 698 3701 dici
714 3637 802 3725 quod
817 3650 904 3714 sunt,
916 3650 947 3701 et
963 3635 1125 3723 propriam
1138 3637 1370 3723 turpitudinem
1382 3639 1487 3703 occul-

537 3755 605 3805 tare
629 3739 777 3804 nituntur
790 3739 915 3802 nomine
937 3738 1050 3815 alieno,
1065 3738 1143 3802 dum
1166 3760 1228 3802 non
1244 3755 1308 3802 tam
1324 3739 1398 3803 boni
1419 3763 1486 3804 esse

536 3843 682 3926 cupiunt,
697 3863 795 3924 quam
812 3839 920 3903 videri.
947 3840 981 3902 Si
997 3862 1072 3902 vero
1082 3838 1261 3901 diffinitioni
1277 3838 1378 3902 ridetis
1389 3840 1485 3904 detur

536 3943 702 4024 interpres,
710 3951 742 4003 et
751 3939 915 4003 sententiae
924 3936 1344 4022 commodusexecutor,qui
1355 3961 1484 4004 manum

537 4054 676 4129 apponat
701 4040 760 4117 ori,
783 4038 816 4101 id
842 4052 901 4118 est,
926 4040 983 4123 qui
1009 4036 1086 4100 facit
1110 4037 1198 4121 quod
1224 4038 1378 4121 loquitur,
1403 4038 1482 4105 nihil

536 4147 639 4209 verius
653 4154 684 4206 et
700 4141 818 4206 rectius
832 4140 918 4226 apud
935 4139 1090 4215 Stoicum,
1106 4148 1139 4201 et
1154 4138 1398 4224 Peripateticum
1415 4165 1484 4208 esse

537 4244 713 4319 convinces,
725 4265 807 4327 quos
818 4241 858 4306 ad
872 4238 1066 4324 te,jucundo
1074 4238 1206 4324 grandis
1218 4239 1277 4302 viae
1288 4243 1484 4326 compendio,

537 4366 637 4430 quum
659 4343 856 4428 praeceperis,
871 4341 1081 4406 introducam.
1122 4346 1172 4405 Ne
1195 4353 1299 4405 tamen
1320 4343 1415 4408 uliam
1434 4370 1483 4425 eo,

536 4469 602 4529 quo
617 4444 767 4529 Epicurei
782 4443 931 4508 diffinitio
947 4443 1059 4522 tendit,
1075 4447 1155 4509 viam
1174 4458 1276 4528 putee,
1292 4467 1359 4508 cam
1376 4447 1433 4511 tibi
1450 4449 1480 4512 in
