4084 5634
548 847 622 891 cre.
638 827 728 913 vnn]
902 847 1157 893 nonrcnnrrcus.
1440 834 1503 890 eat

548 997 724 1082 patinae,et
742 997 886 1063 adesum
910 997 959 1060 sui
980 997 1108 1084 expleta
1129 996 1231 1061 esurie
1252 997 1340 1082 quasi
1356 996 1498 1082 captivos

476 1103 480 1111 '
548 1100 689 1163 trahunt.
729 1099 825 1164 Unde
845 1118 878 1164 et
898 1100 1000 1164 morbi
1022 1123 1063 1164 ex
1087 1099 1254 1165 saturitate
1275 1098 1373 1163 nimia
1394 1099 1498 1163 conci·

547 1214 668 1276 tantur,
692 1202 850 1289 multique
876 1201 1107 1287 impatientiam
1133 1201 1219 1284 gulae
1246 1201 1367 1265 vomitu
1398 1223 1497 1264 reme-

546 1300 686 1380 diantur,
698 1317 730 1367 et
746 1303 833 1388 quod
847 1305 984 1389 turpiter
995 1304 1206 1388 ingesserunt,
1218 1302 1345 1387 turpius
1355 1313 1497 1388 egerunt„

548 1404 609 1467 Sed
625 1403 708 1469 forte
722 1405 818 1471 nimis
832 1419 981 1470 austerus
995 1404 1122 1470 videtur
1141 1427 1207 1469 esse
1223 1404 1450 1491 Hieronymus,
1465 1416 1498 1469 et

546 1505 638 1591 cujus
666 1506 773 1570 edicto
801 1505 1020 1570 difficillimum
1051 1506 1092 1572 sit
1120 1528 1240 1591 parere.
1285 1506 1379 1581 Esto,
1407 1505 1497 1569 liceat

545 1608 703 1671 contemni
718 1609 964 1695 Hieronymum,
978 1609 1158 1672 Stoicorum
1177 1607 1304 1672 vilescat
1315 1607 1498 1686 auctoritas,

545 1708 758 1774 excludantur
769 1708 1071 1796 Peripatetici‚dum
1084 1709 1133 1773 vel
1146 1709 1308 1796 Epicurus
1324 1707 1499 1794 voluptatis

546 1827 681 1875 assertor
711 1812 870 1876 audiatur.
921 1814 1095 1877 Testantur
1124 1812 1219 1886 enim,
1249 1822 1286 1876 ut
1314 1810 1354 1874 de
1384 1809 1497 1874 nostris

546 1925 678 1990 taceam,
697 1915 824 1989 Seneca,
843 1927 875 1978 et
896 1913 988 1978 multi
1008 1913 1061 1977 alii
1080 1914 1156 1978 clari
1176 1914 1258 1978 iuter
1280 1913 1496 2000 philosophos,

546 2035 628 2098 quos
639 2013 691 2076 ille
705 2036 814 2077 omnes
824 2013 922 2078 libros
937 2037 1010 2078 suos
1022 2014 1158 2100 repleret
1172 2014 1322 2091 oleribus,
1333 2027 1364 2078 et
1381 2013 1495 2100 pomis,

544 2126 576 2178 et
592 2113 709 2179 vilibus
723 2113 811 2190 cibis,
828 2114 936 2179 dicens
951 2138 1018 2180 esse
1033 2115 1079 2178 eis
1099 2115 1280 2190 vivendum,
1295 2115 1373 2202 quia
1387 2135 1496 2177 carnes

544 2229 575 2279 et
591 2215 757 2302 exquisitae
772 2216 887 2302 epulae,
902 2216 1022 2302 ingenti
1039 2239 1116 2280 cura
1130 2230 1161 2282 et
1177 2217 1302 2281 miseria
1316 2236 1495 2302 praeparen-

544 2333 608 2402 tur,
623 2322 836 2407 majoremque
852 2343 978 2406 poenam
995 2320 1132 2385 habeant
1151 2322 1183 2385 in
1196 2320 1381 2407 quaerendo,
1398 2342 1494 2405 quam

544 2423 738 2508 voluptatem
756 2423 788 2486 in
803 2423 976 2489 abutendo.
1008 2425 1151 2509 Corpora
1166 2438 1272 2487 autem
1289 2437 1407 2497 nostra,
1423 2423 1495 2486 cibo

544 2540 665 2588 tantum
686 2540 718 2589 et
742 2540 820 2610 potu
844 2523 996 2607 indigere.
1036 2523 1103 2587 Ubi
1129 2545 1213 2609 aqua
1233 2537 1264 2586 et
1283 2526 1372 2609 panis
1392 2525 1446 2599 sit,
1462 2536 1493 2587 et

543 2635 658 2685 caetera
675 2621 724 2684 his
741 2620 865 2697 similia,
881 2621 923 2686 ibi
944 2634 1067 2686 naturae
1088 2621 1296 2687 satisfactum.
1333 2622 1494 2708 Quicquid

543 2745 639 2808 supra
659 2723 769 2801 fuerit,
784 2746 845 2786 non
869 2723 910 2789 ad
934 2723 1008 2789 vitae
1032 2723 1248 2788 necessitatem
1268 2738 1421 2810 spectare,
1437 2725 1492 2790 sed

542 2824 583 2888 ad
599 2824 711 2888 vitium
735 2823 915 2910 voluptatis.
955 2825 1070 2888 Bibere
1088 2840 1121 2890 et
1142 2826 1316 2907 comedere,
1330 2848 1393 2890 non
1414 2827 1492 2891 deli-

545 2925 659 2991 tiarum
672 2926 826 3007 ardorem,
837 2926 892 2990 sed
908 2927 991 2991 sitim
1007 2928 1189 3014 famemque
1200 2928 1398 3013 restringere.
1428 2929 1492 3007 Qui

543 3029 692 3093 carnibus
707 3041 889 3103 vescuntur,
905 3027 1048 3112 indigere
1064 3028 1157 3093 etiam
1174 3027 1234 3105 his,
1250 3052 1324 3115 quae
1338 3053 1401 3094 non
1417 3048 1492 3096 sunt

542 3132 695 3195 carnium.
741 3127 808 3202 Qui
838 3143 944 3193 autem
976 3129 1111 3215 simplici
1144 3131 1228 3195 victu
1260 3145 1409 3208 utuntur,
1438 3155 1493 3196 eos

541 3253 650 3293 carnes
664 3252 727 3293 non
742 3232 913 3315 requirere.
943 3228 1114 3316 Sapientiae
1129 3254 1258 3317 quoque
1272 3254 1400 3316 operam
1416 3231 1492 3295 dare

543 3352 604 3394 non
620 3352 800 3416 possumus,
813 3329 837 3392 si
854 3352 969 3394 meusae
979 3331 1209 3395 abundantiam
1220 3331 1407 3416 cogitemus,
1419 3355 1492 3422 quae

543 3432 650 3497 labore
671 3431 769 3496 nimio
783 3444 816 3497 et
838 3454 915 3495 cura
937 3432 1071 3517 indiget.
1109 3432 1183 3496 Cito
1204 3432 1353 3519 expletur
1368 3451 1491 3501 naturae

542 3534 727 3599 necessitas:
758 3532 857 3618 frigus
880 3545 911 3597 et
935 3532 1035 3596 fames
1057 3531 1192 3618 simplici
1216 3534 1345 3611 vestitu,
1363 3547 1395 3600 et
1418 3537 1491 3602 cibo

540 3637 656 3722 expelli
672 3648 787 3722 potest.
828 3637 899 3698 Hoc
920 3635 1050 3720 quidem
1074 3635 1247 3719 Epicurus,
1267 3636 1342 3702 licet
1361 3661 1381 3703 a
1399 3641 1489 3727 turpi

540 3739 721 3826 sequacium
737 3760 835 3823 grege
857 3736 1050 3800 contraxerit
1072 3736 1210 3802 infamiae
1229 3751 1349 3803 notam.
1389 3742 1490 3807 Porro

541 3840 731 3907 Aristoteles
745 3839 838 3903 docet
859 3839 1012 3924 aquibus
1027 3839 1066 3902 sit
1090 3838 1308 3924 voluptatibus
1330 3844 1489 3929 praecipue

538 3944 773 4010 abstinendum.
806 3943 912 4018 Quum
923 3941 1004 4004 enim
1016 3940 1330 4028 dequinquepartito
1339 3967 1488 4011 sensuum

538 4048 627 4112 fonte
644 4047 792 4130 voluptas
806 4043 938 4119 oriatur,
951 4043 1035 4106 illam
1052 4065 1125 4131 quae
1140 4057 1188 4110 est
1198 4057 1313 4130 gustus
1327 4061 1359 4113 et
1374 4062 1488 4127 tactus,

539 4150 572 4213 id
596 4165 654 4227 est,
677 4148 740 4212 cibi
765 4162 797 4211 et
819 4147 950 4227 ventrio,
968 4145 1065 4209 solam
1090 4145 1272 4211 hominibus
1291 4166 1487 4216 communem

539 4250 617 4313 dicit
631 4272 698 4312 esse
712 4270 786 4312 cum
800 4248 914 4322 beluis,
929 4260 961 4312 et
977 4246 1096 4310 idcirco
1113 4246 1145 4309 in
1161 4247 1320 4332 pecudum
1336 4249 1491 4314 ferorum-

539 4372 603 4436 que
620 4349 802 4415 animalium
818 4372 950 4414 numero
971 4349 1119 4425 habetur,
1134 4351 1282 4435 quisquis
1303 4350 1362 4414 hac
1376 4353 1488 4440 volup

540 4466 605 4520 tate
620 4452 760 4516 ferarum
775 4464 960 4538 occupatur.
991 4450 1126 4518 Caeterae
1138 4473 1176 4516 ex
1193 4452 1296 4516 tribus
1310 4453 1379 4518 aliis
1393 4459 1489 4523 sensi-
