4084 5634
546 352 986 591 tunm.

628 788 691 849 -100
884 800 1312 846 Josuu1ssaausasmsusrs
1424 784 1503 863 [nm.
1520 802 1579 846 vu,

624 956 680 1041 jus
695 971 799 1026 suum,
815 962 851 1014 ut
866 974 886 1014 a
900 949 1094 1037 possessione
1113 949 1199 1014 illius
1215 949 1361 1014 videatur
1380 974 1488 1014 omnes
1502 951 1581 1015 alios

627 1052 806 1118 exclusisse.
853 1050 906 1114 lta
930 1063 1034 1113 tamen
1058 1049 1090 1112 in
1117 1049 1188 1114 aliis
1213 1049 1327 1134 viguit,
1353 1062 1387 1113 ut
1412 1073 1580 1113 commuue

629 1176 740 1218 nomen
757 1147 900 1216 omnium
920 1150 1194 1237 philosophorum,
1210 1149 1451 1229 antonomasice,
1467 1151 1499 1214 id
1521 1163 1581 1231 est,

626 1254 818 1319 excellenter
833 1251 892 1317 sibi
913 1252 1078 1338 proprium
1099 1275 1165 1317 esse
1181 1252 1341 1316 meruerit.
1387 1251 1476 1316 Sicut
1497 1252 1580 1314 enim

627 1356 706 1420 urbs
726 1361 873 1437 Romam,
888 1359 1052 1420 Maronem
1070 1357 1168 1418 Poeta
1187 1353 1346 1439 exprimit,
1362 1354 1406 1417 sic
1425 1367 1457 1416 et
1478 1353 1581 1438 philo,

626 1458 719 1544 sophi
735 1479 849 1522 nomen
870 1461 952 1521 circa
967 1454 1169 1521 Aristotelem
1189 1456 1348 1520 utentium
1370 1453 1487 1541 placito
1506 1477 1579 1526 conf

625 1571 764 1622 tractum
778 1572 834 1622 est.
859 1557 935 1620 Fuit
947 1569 1053 1620 autem
1065 1555 1224 1619 facundus
1235 1553 1374 1639 eloquio,
1386 1554 1439 1618 sed
1454 1555 1580 1618 uberior

626 1660 783 1739 sensibus,
797 1671 829 1723 et
850 1657 962 1722 doctus
982 1657 1123 1721 omnium
1148 1656 1311 1721 sententiis
1334 1656 1471 1720 obviare.
1518 1654 1580 1718 Hic

622 1761 753 1845 estqui
777 1760 899 1845 primus
925 1758 1103 1823 studiorum
1130 1781 1255 1842 genera,
1277 1759 1309 1821 in
1334 1757 1524 1851 Qum
1548 1770 1579 1828 et

624 1861 821 1953 Quum
841 1859 959 1923 dicitur
979 1859 1170 1923 distinxisse.
1210 1864 1292 1923 Nam
1309 1873 1340 1924 et
1362 1858 1533 1925 familiares
1547 1872 1579 1922 et

584 1980 587 1985 ·
626 1961 717 2047 quasi
729 1961 891 2026 domestici
903 1960 1156 2024 admittebantur
1171 1961 1201 2023 in
1214 1963 1380 2025 acroatica.
1411 1961 1581 2024 Exoterica

626 2085 701 2125 vcro
715 2084 777 2125 non
794 2061 889 2124 modo
903 2064 1072 2136 extraneis,
1087 2060 1141 2123 sed
1161 2061 1352 2146 hospitibus,
1369 2063 1531 2146 patebant,
1545 2076 1578 2125 et

625 2163 812 2250 peregrinis.
850 2164 996 2226 Fuerunt
1012 2162 1066 2248 qui
1084 2184 1155 2226 eum
1169 2164 1291 2257 incubi
1307 2164 1460 2227 daemonis
1475 2166 1576 2227 filium

615 2266 799 2353 crederent,
822 2277 953 2350 propter
976 2264 1151 2346 agilitatem
1178 2251 1576 2351 corporis,'pe'ispii·aciam

624 2353 754 2453 ingenii,
765 2378 797 2430 et
808 2364 919 2452 glorise
930 2365 1121 2451 appetitum,
1131 2387 1227 2450 quam
1241 2365 1409 2452 multiplici
1421 2365 1579 2431 industria

623 2466 772 2532 omnibus
787 2467 957 2553 praeripere
972 2479 1187 2531 consueverat.
1214 2468 1368 2533 Testatur
1382 2467 1422 2531 de
1437 2491 1475 2531 eo
1485 2468 1578 2533 Vale·

623 2569 690 2634 rius
707 2570 883 2642 Maximus,
899 2567 977 2654 quia
991 2590 1149 2653 supremae
1168 2568 1243 2632 vitae
1258 2568 1407 2650 reliquias
1426 2568 1579 2635 senilibus

623 2695 660 2735 ac
674 2672 799 2756 rugosis
811 2669 960 2734 membris
970 2672 1002 2734 iu
1019 2691 1143 2733 summo
1155 2668 1318 2734 literarum
1330 2675 1398 2736 otio
1408 2671 1462 2735 vix
1474 2685 1579 2736 custo-

622 2773 723 2854 diens,
733 2775 814 2838 adeo
825 2776 966 2837 valenter
981 2794 1040 2858 pro
1052 2772 1154 2836 salute
1166 2773 1279 2857 patriae
1290 2773 1448 2855 incubuit,
1457 2788 1494 2839 ut
1510 2798 1578 2838 eam

620 2875 663 2938 ab
686 2875 855 2939 hostilibus
879 2874 974 2937 armis
998 2873 1064 2937 solo
1091 2887 1262 2959 aequatam,
1285 2875 1316 2937 in
1340 2874 1457 2938 lectulo
1479 2876 1575 2939 Athe·

622 2974 721 3038 niensi
732 2977 851 3060 jacens,
867 2972 1080 3035 Macedonum
1093 2973 1133 3035 de
1150 2975 1309 3052 manibus,
1320 2976 1439 3059 quibus
1453 2975 1579 3060 objecta

620 3087 700 3150 erat,
723 3077 868 3160 eriperet.
915 3074 968 3136 lta
994 3070 1074 3135 urbe
1100 3084 1200 3136 strata
1221 3085 1319 3158 atque
1344 3096 1462 3150 eversa,
1483 3073 1578 3138 Alex-

622 3176 779 3263 andrique
806 3174 1021 3240 familiaritate
1047 3197 1113 3260 qua
1139 3174 1286 3239 restituta
1311 3188 1369 3251 est,
1396 3176 1577 3241 Aristotelis

618 3294 733 3345 notum
749 3293 797 3344 est
811 3302 903 3365 opus.
942 3278 1035 3342 Licet
1050 3291 1157 3343 autem
1179 3278 1341 3343 nominum
1358 3294 1391 3345 et
1407 3280 1575 3345 verborum

622 3382 768 3447 turbator
786 3382 953 3457 habeatur,
969 3402 1031 3443 non
1047 3380 1143 3444 modo
1158 3380 1355 3459 subtilitate,
1372 3404 1436 3464 qua
1456 3382 1578 3445 cunctis

622 3481 754 3544 celebris
768 3494 827 3559 est,
839 3480 891 3543 sed
908 3495 940 3543 et
956 3480 1037 3542 mira
1047 3479 1203 3543 suavitate
1218 3480 1343 3544 dicendi
1358 3482 1488 3557 evaluit,
1498 3482 1578 3545 adeo

622 3580 764 3668 quidem,
782 3593 817 3642 ut
835 3580 962 3643 Platoni
984 3579 1098 3643 merito
1120 3581 1286 3663 proximus
1305 3582 1404 3644 fuisse
1420 3582 1575 3646 videatur.

622 3686 708 3747 Eum
722 3680 825 3745 laudis
836 3681 933 3744 fuisse
944 3679 1175 3758 avidissimum,
1185 3680 1233 3742 rel
1244 3703 1283 3744 ex
1296 3703 1333 3743 eo
1344 3694 1477 3762 constat,
1489 3683 1577 3768 quod

623 3808 723 3871 quum
740 3782 914 3849 Tbeodocti
932 3781 1090 3868 discipulo
1106 3781 1203 3845 libros
1217 3783 1294 3845 artis
1308 3786 1455 3848 oratoriae
1470 3799 1507 3850 ut
1522 3810 1577 3851 eos

622 3886 730 3952 ederet
748 3885 960 3963 concessisset,
974 3882 1105 3947 moleste
1116 3882 1219 3946 ferens
1234 3897 1354 3968 postea,
1367 3897 1490 3949 tantum
1508 3886 1577 3951 lau·

621 3989 672 4053 dis
683 4002 714 4053 et
729 3985 839 4074 gloriae
854 3985 981 4050 titulum
999 4007 1032 4048 se
1047 3984 1099 4048 alii
1115 3984 1255 4058 cessisse,
1270 3987 1400 4070 proprio
1414 3988 1575 4055 volumine

621 4089 813 4178 quibusdam
840 4088 936 4151 rebus
964 4086 1122 4162 insistens,
1151 4085 1276 4171 planius
1306 4087 1365 4150 sibi
1392 4089 1432 4152 de
1463 4089 1512 4154 bis
1540 4087 1573 4156 in

620 4187 814 4258 'I'heodoctis
825 4187 1043 4254 librisdictum
1056 4188 1184 4273 adjecit.
1208 4188 1304 4252 Unde
1315 4190 1460 4255 Valerius
1469 4195 1576 4259 Maxi-

528 4331 538 4348 ·
622 4316 708 4358 rrius:
732 4291 802 4357 Nisi
819 4302 949 4355 metam
965 4289 1040 4354 latae
1054 4301 1086 4353 et
1103 4301 1166 4352 tam
1180 4291 1318 4375 patentis
1333 4294 1473 4357 scientiae
1489 4316 1575 4360 vere-

622 4393 739 4458 cundia
760 4405 892 4470 teneret,
915 4391 1050 4456 dicerem
1074 4389 1206 4476 dignum
1229 4395 1466 4482 philosophum,
1483 4399 1575 4484 cujus
