4084 5634
538 836 607 886 cae.
625 826 731 906 xxia]
887 846 1141 894 roaucnfflcus.
1448 835 1488 896 61

541 993 725 1077 majestatis,
754 1019 795 1061 ne
828 1009 980 1083 tanquam
1008 1000 1063 1083 qui
1093 1021 1128 1063 os
1161 1020 1269 1063 meum
1304 1001 1337 1062 in
1369 1002 1488 1064 coelum

538 1097 708 1176 posuerim,
723 1120 850 1163 crucem
865 1098 972 1164 ridear
987 1100 1149 1165 meruisse.
1181 1103 1397 1165 Veruntamen
1412 1103 1490 1185 quia

540 1194 648 1261 Guido
663 1198 812 1264 Clemens
832 1201 960 1265 Sanctae
979 1201 1179 1267 Potentianae
1195 1203 1362 1287 Presbyter
1378 1183 1489 1268 Cardi-

538 1298 620 1361 nalis
641 1302 763 1384 populo
786 1303 1002 1366 testimonium
1025 1304 1184 1387 perhibet,
1205 1306 1235 1369 ei
1256 1326 1488 1391 usquequaque

538 1400 755 1465 contradicere
769 1423 835 1466 non
851 1425 1019 1488 presumo.
1057 1406 1178 1470 Asserit
1193 1407 1279 1469 enim
1294 1408 1329 1469 in
1342 1407 1491 1470 Romana

538 1501 676 1565 ecclesia
701 1504 862 1588 quandam
889 1504 1088 1588 duplicitatis
1112 1527 1183 1570 esse
1206 1506 1359 1584 radicem,
1383 1518 1415 1570 et
1441 1507 1486 1570 fo·

538 1613 681 1667 mentum
704 1605 950 1689 avaritiaque
974 1619 1072 1690 caput
1097 1616 1131 1670 et
1155 1605 1248 1670 radix
1273 1618 1322 1670 cst
1347 1607 1488 1671 omnium

537 1704 702 1768 malorum.
755 1708 871 1789 Neque
895 1705 929 1768 id
955 1705 1088 1789 quidem
1113 1707 1146 1769 in
1174 1709 1303 1789 angulo,
1327 1707 1385 1771 sed
1411 1729 1487 1772 con-

537 1802 715 1869 sidentibus
751 1807 911 1884 fratribus,
947 1821 1062 1871 sancto
1098 1809 1248 1890 Eugenio
1285 1808 1487 1891 praesidente,

538 1904 669 1988 quaudo
683 1905 834 1970 adversus
847 1907 1062 1971 innocentiam
1085 1929 1188 1972 meam
1210 1909 1370 1972 Ferentini
1392 1910 1489 1991 gratis

538 2005 788 2085 excanduerant,
811 2007 873 2071 hoc
899 2008 1030 2092 publice
1056 2020 1250 2094 protestatus
1274 2023 1332 2075 est.
1378 2011 1488 2074 Unum

538 2114 645 2168 tamen
661 2106 813 2171 audacter
826 2107 1026 2172 conscientia
1040 2119 1122 2173 teste
1137 2108 1303 2194 profiteor,
1319 2111 1396 2194 quia
1410 2133 1486 2175 nus·

538 2228 632 2290 quam
648 2209 844 2274 honestiores
860 2210 993 2274 clericos
1009 2210 1085 2289 vidi,
1100 2232 1195 2296 quam
1216 2213 1249 2274 in
1267 2213 1406 2276 ecclesia
1420 2214 1487 2277 Ro·

539 2329 643 2386 mana,
667 2320 723 2373 aut
747 2311 803 2394 qni
829 2310 931 2392 magis
956 2312 1120 2375 avaritiam
1145 2313 1356 2377 detestentur.
1407 2315 1489 2387 Qttis

539 2413 694 2477 Bernardi
715 2414 929 2492 Redonensis,
943 2424 1126 2479 sanctorum
1142 2415 1269 2480 Cosmae
1290 2427 1322 2480 et
1335 2416 1488 2481 Damiaui

538 2513 667 2579 diaconi
689 2515 867 2580 cardinalis
889 2518 1133 2594 continentiam,
1155 2529 1407 2601 contentumque
1429 2539 1484 2601 pe·

540 2616 654 2692 cuniae,
664 2636 731 2679 non
747 2614 893 2680 miretur?
918 2616 1073 2680 Nondum
1088 2626 1182 2680 natus
1196 2628 1246 2680 est
1260 2638 1280 2681 a
1295 2639 1358 2701 quo
1373 2638 1489 2681 munus

541 2718 712 2800 acceperit.
756 2716 851 2790 Quod
872 2729 977 2780 tamma
994 2740 1013 2781 a
1029 2716 1255 2780 communione
1273 2718 1404 2781 fratrum
1425 2718 1490 2781 sin·

543 2818 662 2882 cariore
670 2817 745 2900 jure
760 2818 978 2902 proveniebat,
988 2816 1148 2881 interdum
1160 2818 1304 2900 accipere
1319 2838 1490 2902 persuasus

540 2933 598 2984 est.
643 2919 723 2993 Quis
739 2940 803 2983 non
819 2929 945 3002 stupeat
958 2919 1160 3002 Episcopum
1174 2917 1418 2999 Praenestinum,
1433 2921 1489 3005 qui

538 3023 719 3106 scrupulum
743 3021 950 3086 conscientiae
974 3033 1130 3092 metuens,
1146 3031 1178 3084 et
1197 3043 1217 3085 a
1238 3022 1484 3106 participatione

539 3125 696 3187 bonorum
727 3125 945 3186 communium
975 3122 1178 3187 abstinebat?
1224 3123 1367 3187 Plurium
1401 3133 1490 3189 tanta

539 3223 706 3297 modestia,
735 3236 824 3286 tanta
852 3226 988 3304 maritas
1016 3236 1075 3301 est,
1104 3236 1139 3287 nt
1167 3223 1315 3289 Fabricio
1344 3247 1410 3289 non
1441 3228 1488 3289 iu-

538 3323 706 3385 veniantur
728 3322 903 3400 inferiores,
923 3345 1028 3406 quem,
1043 3323 1153 3403 agnita
1175 3323 1287 3386 salutis
1309 3325 1371 3402 via,
1385 3325 1491 3388 modis

539 3422 687 3486 omnibus
710 3421 912 3486 antecedunt.
957 3423 1042 3496 Quia
1063 3444 1139 3504 ergo
1161 3423 1271 3500 instas,
1286 3445 1389 3506 urges,
1407 3446 1486 3509 prae·

539 3522 632 3605 cipis,
655 3543 753 3606 quum
769 3531 890 3586 certum
913 3522 956 3585 sit
978 3521 1065 3605 quod
1080 3521 1214 3604 Spiritui
1236 3534 1346 3587 sancto
1361 3527 1488 3590 mentiri

538 3644 604 3686 non
622 3623 710 3700 licet,
725 3623 833 3699 fateor,
849 3623 923 3707 quia
944 3621 1031 3707 quod
1054 3623 1215 3707 praecipis,
1232 3624 1411 3690 faciendum
1428 3642 1486 3705 est,

539 3724 597 3788 etsi
617 3745 681 3786 non
702 3724 772 3787 sitis
791 3724 941 3788 omnibus
955 3725 1107 3807 operibus
1126 3724 1281 3790 imitandi.
1328 3728 1486 3812 Numqui

538 3845 558 3887 a
572 3823 719 3887 doctrina
734 3835 833 3886 vestra
844 3823 1001 3901 dissentit,
1010 3824 1254 3904 authaercticus‚
1265 3837 1319 3889 aut
1333 3827 1486 3892 schisma·

537 3921 619 3986 ticns
633 3931 693 3985 est.
739 3920 803 3985 Sed
823 3922 895 3985 Deo
915 3922 1065 4005 propitio,
1080 3932 1155 3986 sunt
1178 3925 1233 4007 qui
1255 3945 1319 3986 non
1344 3929 1486 3990 omnium

537 4036 674 4087 restrum
695 4043 792 4106 opera
812 4023 983 4086 imitentur.
1028 4023 1209 4089 Paucorum
1226 4047 1301 4108 ergo
1315 4028 1406 4091 labes
1421 4029 1486 4091 sin·

472 4124 478 4138 '
537 4125 618 4187 ceris
642 4124 812 4200 maculam,
831 4136 863 4186 et
886 4123 1056 4187 universali
1080 4126 1227 4189 ecclesie
1250 4127 1412 4190 infamiam
1436 4127 1483 4189 in·

538 4226 625 4307 gerit.
671 4225 717 4287 Et
730 4246 802 4288 mea
823 4225 974 4308 opinione
988 4226 1062 4288 ideo
1086 4227 1284 4310 frequentius
1300 4226 1486 4308 moriuntur,

540 4346 580 4388 ne
605 4337 702 4389 totam
727 4337 932 4409 corrumpant
956 4327 1134 4389 ecclesiam.
1180 4325 1246 4389 Sed
1272 4336 1304 4388 ct
1333 4327 1409 4390 boni
1438 4352 1485 4395 ra-

541 4425 847 4507 piunturinterdum‚
857 4447 897 4489 ne
906 4427 1027 4490 malitia
1036 4427 1250 4503 immutentur,
1259 4437 1289 4490 et
1299 4426 1372 4511 quia
1381 4429 1485 4497 Roma
