4084 5634
536 835 600 894 308
772 848 909 893 soanurs
923 842 1204 893 senosanamusrs
1314 828 1398 907 [trs.
1415 836 1491 892 vni.

543 999 664 1064 vanitas
677 999 844 1084 promittat
859 997 1088 1074 liberationem,
1101 1020 1173 1060 vere
1188 997 1278 1061 liberi
1291 1019 1491 1083 nequaquam

545 1114 630 1175 sunt,
639 1100 698 1163 nisi
712 1099 886 1184 quosfilius
896 1099 1086 1163 liberaverit.
1115 1100 1169 1163 Tu
1182 1112 1317 1175 naturae,
1326 1099 1451 1183 gratiae,
1461 1111 1494 1162 et

543 1201 653 1286 gloriae
668 1201 829 1285 distingue
846 1201 1035 1276 libertatem,
1047 1214 1079 1264 et
1093 1200 1233 1264 invenies
1247 1200 1366 1263 nullam
1383 1223 1492 1264 earum

541 1303 582 1367 de
597 1302 736 1366 vanitate
750 1303 943 1385 contingere,
955 1324 1012 1364 nec
1029 1301 1085 1366 tibi
1101 1301 1240 1366 conditio
1255 1303 1356 1386 magis
1371 1301 1493 1366 servilis

542 1417 698 1480 occurret,
722 1426 818 1488 quam
846 1403 983 1490 tyranni.
1031 1401 1064 1466 Si
1086 1403 1169 1467 enim
1193 1403 1247 1467 ubi
1272 1403 1402 1489 spiritus
1425 1404 1493 1467 Do·

542 1506 630 1582 mini,
646 1505 689 1568 ibi
705 1505 845 1581 libertas,
861 1505 1036 1568 miserrima
1059 1503 1201 1589 profecto
1217 1505 1372 1570 servitute
1386 1506 1494 1589 depri-

542 1607 651 1680 mitur,
669 1629 763 1693 quem
781 1606 912 1692 spiritus
927 1628 1065 1690 nequam
1080 1609 1232 1690 exagitat.

542 2022 621 2104 Cap.
641 2025 690 2082 17.
715 2019 758 2082 In
772 2040 834 2102 quo
854 2027 1016 2101 tyrannus
1037 2043 1057 2082 a
1080 2022 1225 2103 principa
1245 2020 1384 2108 differat,
1399 2026 1429 2083 et
1451 2021 1492 2083 dc

581 2123 756 2201 tyrannide
778 2122 995 2184 sacerdotum:
1026 2128 1057 2184 εἰ
1077 2125 1114 2184 in
1140 2143 1201 2203 quo
1224 2131 1346 2203 pastor,
1360 2126 1437 2203 sur,
1459 2128 1491 2184 et

582 2225 797 2286 ntercencriua
811 2224 849 2285 ab
863 2225 997 2286 inuicem
1013 2223 1177 2310 ἅψεταιτί.

586 2408 627 2471 Iu
642 2429 708 2491 quo
724 2406 869 2494 princeps
883 2406 1008 2471 differat
1025 2430 1043 2469 a
1059 2420 1205 2493 tyranno,
1220 2405 1299 2472 dum
1315 2405 1489 2471 revolvere·

541 2524 595 2575 tur
620 2524 749 2575 auctore
774 2508 946 2573 Plutarcho
976 2508 1136 2573 institutio
1168 2510 1313 2596 Trajani,
1345 2513 1491 2595 superius

539 2614 660 2678 dictum
677 2628 734 2689 est,
749 2625 780 2675 et
805 2635 878 2698 quae
893 2610 1044 2698 principis
1065 2612 1131 2675 sint
1146 2610 1258 2686 officia,
1281 2625 1338 2675 aut
1361 2611 1488 2697 reipub

537 2714 608 2778 licae
623 2714 773 2788 membra,
790 2712 959 2797 diligenter
973 2710 1165 2796 expositum.
1209 2710 1305 2774 Unde
1317 2710 1440 2775 facilius
1455 2725 1488 2775 et

537 2816 741 2901 paucioribus
763 2827 916 2898 poterunt
938 2814 1142 2888 innotescere,
1165 2836 1240 2899 quae
1255 2837 1272 2876 e
1290 2810 1419 2897 regione
1441 2813 1490 2877 di·

538 2916 638 2980 cenda
652 2929 727 2981 sunt
742 2915 783 2979 de
798 2929 942 2999 tyranno.
987 2917 1047 2978 Est
1067 2937 1144 2998 ergo
1162 2916 1346 3001 Tyrannus,
1363 2928 1400 2979 ut
1415 2938 1487 2979 eum

538 3017 718 3103 philosophi
755 3015 978 3100 depinxerunt,
1014 3014 1071 3101 qui
1103 3015 1240 3080 violenta
1276 3017 1490 3081 dominatione

538 3116 692 3202 populum
711 3116 836 3203 premit,
852 3116 934 3179 sicut
949 3117 1006 3201 qui
1024 3114 1148 3199 legibus
1164 3115 1245 3200 regit
1269 3117 1416 3203 princeps
1430 3130 1490 3181 cst.

538 3221 639 3284 Porro
668 3219 718 3283 lex
743 3218 861 3282 donum
888 3216 949 3282 Dei
971 3230 1030 3292 est,
1053 3215 1214 3303 aequitatis
1236 3217 1350 3296 forma,
1380 3241 1491 3282 norma

532 3322 680 3409 justitiae,
689 3322 805 3386 divinae
817 3321 991 3386 voluntatis
999 3321 1115 3406 imago,
1126 3320 1237 3386 salutis
1245 3322 1400 3398 custodia,
1414 3323 1490 3386 unio

539 3438 571 3487 et
587 3423 794 3489 consolidatio
810 3427 1016 3510 populorum,
1031 3422 1143 3508 regula
1153 3421 1339 3501 officiorum,
1350 3423 1492 3487 exclusio

537 3534 569 3585 et
585 3523 806 3586 exterminatio
828 3524 988 3596 vitiorum,
1010 3521 1168 3585 violentiae
1188 3537 1219 3585 et
1246 3521 1345 3586 totius
1365 3521 1489 3609 injuriae

538 3643 642 3707 poeoa.
688 3626 769 3686 Haec
783 3635 889 3685 autem
908 3634 962 3684 aut
979 3621 1139 3696 violentia,
1155 3635 1211 3684 aut
1233 3620 1307 3684 dolo
1322 3622 1489 3706 impugna-

538 3738 604 3798 tur,
618 3736 648 3787 et
665 3723 755 3809 quasi
771 3735 828 3785 aut
845 3721 942 3785 leonis
958 3720 1155 3783 immanitate
1172 3733 1327 3801 vastatur,
1341 3736 1398 3785 aut
1414 3723 1490 3786 dra·

538 3827 625 3891 conis
640 3824 864 3911 supplantatur
878 3821 1009 3886 insidiis.
1056 3819 1255 3906 Quocunque
1271 3835 1375 3886 autem
1393 3825 1488 3889 morlo

538 3928 570 3992 id
587 3928 654 4004 fiat,
671 3926 800 4014 planum
816 3937 864 3989 est
884 3923 1016 4007 gratiam
1033 3924 1225 4009 oppugnari,
1239 3938 1271 3988 et
1288 3925 1392 3987 Deum
1409 3948 1489 4010 quo-

539 4029 709 4094 dammodo
720 4029 882 4113 provocari
892 4025 930 4089 ad
945 4024 1101 4111 praelium.
1133 4026 1283 4111 Princeps
1295 4040 1417 4110 pugnat
1429 4049 1488 4111 pro

539 4133 663 4217 legibus
686 4147 717 4195 et
744 4129 857 4216 populi
888 4127 1054 4191 libertate:
1086 4143 1242 4213 tyrannus
1273 4129 1349 4192 nihil
1378 4142 1486 4193 actum

537 4249 643 4322 putat,
659 4233 716 4297 nisi
732 4236 818 4315 leges
837 4243 980 4307 evacuet,
995 4243 1026 4291 et
1048 4229 1201 4313 populum
1224 4230 1354 4293 devocet
1376 4232 1408 4294 in
1425 4254 1489 4294 ser-

538 4338 682 4401 vitutem.
729 4337 838 4418 lmogo
854 4329 998 4418 quasdam
1021 4330 1197 4395 divinitatis
1212 4345 1258 4394 est
1281 4333 1437 4421 princeps,
1453 4348 1484 4399 et

537 4453 692 4524 tyrannus
713 4450 760 4501 est
782 4435 971 4501 adversariae
992 4433 1203 4512 fortitudinis,
1224 4450 1254 4501 et
1278 4438 1487 4503 Luciferianas
