4084 5634
540 834 613 886 cle.
630 825 677 904 n]
891 841 1144 887 eocrcaarmos.
1434 829 1496 884 957

540 1006 653 1066 tacere,
680 992 774 1055 modo
798 994 975 1078 jactantiae,
1001 992 1095 1055 modo
1125 989 1256 1055 malitiae
1286 1005 1372 1056 metu
1429 990 1492 1062 Qui

539 1094 710 1158 venatibus
731 1095 864 1176 gaudet,
886 1096 1100 1177 interrogatus
1122 1093 1162 1157 de
1185 1094 1273 1157 silvae
1296 1093 1430 1166 ambitu,
1454 1091 1494 1155 de

537 1196 669 1280 ambage
685 1196 869 1273 lustrorum,
886 1197 926 1258 de
942 1193 1118 1259 venationis
1132 1210 1260 1259 eventu.
1283 1201 1290 1211 '
1313 1193 1494 1276 Religiosus

539 1298 565 1360 si
591 1299 693 1373 adest,
719 1298 759 1361 da
791 1299 836 1361 illi
864 1296 1019 1360 referendi
1046 1297 1181 1381 copiam,
1206 1298 1325 1384 quibus
1350 1297 1494 1360 observa-

538 1399 678 1463 tionibus
694 1400 845 1463 meruerit
860 1398 981 1463 auxilia
998 1402 1153 1475 Deorum,
1167 1412 1309 1485 quantus
1324 1398 1389 1462 illic
1411 1421 1495 1461 cere-

538 1502 715 1564 moniarum
737 1502 877 1565 fructus:
911 1501 986 1584 quia
1006 1513 1038 1563 et
1060 1501 1120 1562 boc
1138 1521 1240 1584 genus
1261 1498 1421 1584 religionis
1440 1523 1494 1562 ex-

538 1602 691 1679 istimant,
707 1602 870 1665 numinum
887 1601 1038 1663 beneficia
1054 1620 1115 1663 non
1135 1617 1247 1663 tacere.
1293 1600 1385 1665 Adde
1404 1600 1492 1686 quod

541 1703 652 1767 volunt
679 1727 711 1766 se
737 1703 854 1765 amicos
881 1701 1065 1764 numinibus
1095 1701 1254 1765 aestimari.
1300 1702 1332 1765 Si
1362 1724 1435 1765 vero
1460 1716 1492 1766 et

539 1827 633 1868 senex
657 1826 796 1890 praesens
818 1820 876 1881 est,
897 1803 993 1865 habes
1015 1804 1210 1866 occasionem
1231 1826 1295 1888 qua
1317 1804 1491 1889 plurimum

539 1904 585 1968 illi
601 1905 773 1969 contulisse
789 1904 935 1978 videaris,
951 1905 977 1967 si
993 1926 1066 1966 eum
1088 1904 1273 1989 interroges,
1290 1906 1337 1968 vel
1361 1929 1436 1992 quae
1451 1906 1491 1969 ad

539 2007 630 2071 illum
657 2007 787 2070 omuino
811 2030 874 2070 non
898 2007 1068 2093 pertinent.
1113 2009 1174 2071 Est
1197 2007 1279 2070 enim
1305 2007 1379 2070 huic
1404 2009 1491 2070 aetati

540 2110 714 2196 loquacitas
726 2109 898 2174 familiaris.
935 2113 981 2175 Ut
995 2132 1070 2173 vero
1079 2107 1119 2171 ad
1133 2123 1305 2173 scommata
1317 2108 1492 2183 redeamus,

539 2211 595 2274 illa
610 2233 684 2297 quae
706 2210 781 2297 plus
805 2210 1003 2291 urbanitatis,
1019 2224 1051 2275 et
1076 2211 1179 2274 minus
1202 2211 1423 2275 amaritudinis
1439 2212 1493 2274 ba-

540 2314 628 2391 bent,
641 2328 715 2377 sunt
731 2312 959 2400 interjacienda
974 2314 1140 2377 conviviis:
1166 2327 1201 2377 ut
1214 2329 1285 2377 sunt
1299 2313 1352 2375 illa
1367 2336 1441 2400 quae
1453 2313 1493 2376 de

540 2413 699 2479 nonnullis
721 2429 890 2500 corporum
908 2415 1004 2489 vitiis,
1028 2429 1084 2478 aut
1106 2435 1231 2499 parum,
1247 2427 1303 2477 aut
1325 2414 1401 2477 nihil
1423 2416 1492 2497 gig-

540 2516 647 2579 nentia
661 2514 789 2593 doloris‚
801 2529 837 2578 ut
853 2515 878 2576 si
894 2514 924 2577 in
941 2514 1102 2578 calvitium
1120 2515 1310 2598 cujusquam
1327 2512 1424 2588 dicas,
1436 2528 1493 2577 aut

540 2638 662 2688 nasum,
687 2616 735 2678 vel
759 2637 888 2678 curvam
916 2617 1117 2688 erectionem,
1140 2637 1195 2676 seu
1219 2615 1411 2678 Socraticam
1438 2615 1494 2677 de·

539 2716 741 2801 pressionem.
798 2718 877 2779 llaec
907 2715 988 2778 enim
1020 2728 1142 2800 quanto
1173 2714 1301 2778 minoris
1328 2714 1493 2779 infortunii

542 2829 628 2890 sunt,
641 2828 731 2879 tanto
746 2817 875 2880 suavius
889 2815 1023 2879 laedunt.
1063 2816 1184 2876 Contra
1198 2812 1361 2876 oculorum
1374 2815 1494 2879 orbitas

541 2938 604 2980 non
621 2917 686 2979 sine
702 2916 893 2980 excitatione
908 2913 1162 2978 commonitionis
1178 2913 1339 2998 objicitur.
1367 2915 1494 3001 Quippe

542 3021 723 3103 Antigonus
738 3041 794 3081 rex
811 3016 1016 3082 Theocritum
1039 3015 1168 3094 mium,
1183 3014 1223 3078 de
1246 3038 1312 3100 quo
1329 3015 1493 3098 juraverat

540 3119 627 3204 quod
650 3121 679 3183 ei
702 3142 855 3206 parsurus
876 3132 970 3194 esset,
994 3117 1110 3182 occidit
1135 3128 1265 3202 propter
1288 3140 1425 3182 scomma
1451 3119 1492 3181 ab

540 3221 651 3284 eodem
667 3219 707 3283 de
721 3244 754 3283 se
768 3220 900 3284 dictum.
932 3221 1038 3297 Quum
1052 3220 1134 3282 enim
1152 3219 1242 3303 quasi
1253 3220 1436 3302 puniendus
1451 3220 1492 3282 ad

543 3320 741 3403 Antigonum
760 3334 935 3405 raperetur,
952 3320 1128 3384 solantibus
1143 3342 1213 3382 eum
1230 3318 1339 3381 amicis
1353 3342 1389 3382 ac
1404 3342 1491 3403 spem

541 3420 775 3506 pollicentibus,
787 3422 873 3507 qarod
883 3421 1065 3484 omnimodo
1076 3420 1274 3484 clementiam
1288 3420 1370 3505 regis
1382 3443 1494 3506 exper-

543 3537 635 3587 turus
649 3536 741 3600 esset,
757 3544 856 3608 quum
873 3520 913 3584 ad
935 3521 1042 3585 oculos
1062 3523 1130 3607 ejus
1146 3522 1291 3597 venisset,
1307 3523 1491 3608 responditr

541 3626 629 3708 Ergo
650 3622 874 3710 impossibilem
899 3623 974 3687 mihi
1002 3623 1107 3688 dicitis
1134 3645 1221 3709 spem
1244 3623 1365 3689 salutis.
1411 3626 1493 3690 Erat

540 3741 645 3790 autem
675 3726 859 3810 Antigonus
885 3748 948 3788 uuo
966 3726 1102 3789 ‘orbatus
1126 3725 1229 3802 oculo,
1252 3738 1284 3791 et
1308 3727 1493 3812 importuna

542 3827 704 3891 urbanitas
721 3828 939 3891 maledicacem
956 3827 1027 3891 luce
1042 3827 1190 3910 privavit.
1230 3827 1297 3890 Nec
1313 3829 1492 3911 negaverim

542 3929 746 4013 philosophos
761 3950 888 4014 quoque
904 3929 1071 3992 incurrisse
1087 3950 1144 4012 per
1167 3927 1417 4009 indignationem
1434 3928 1492 3991 boc

540 4055 641 4113 genus
654 4031 843 4095 scommatis.
877 4032 959 4095 Nam
973 4053 1074 4116 quum
1090 4033 1170 4114 regis
1187 4029 1330 4107 libertus,
1339 4029 1378 4091 ad
1397 4051 1493 4092 novas

543 4134 670 4198 divitias
686 4157 788 4219 nuper
803 4147 936 4210 erectus,
948 4131 1152 4219 philosophos
1166 4130 1207 4193 ad
1223 4134 1402 4195 convivium
1419 4140 1492 4197 con*-

542 4250 714 4318 gregasset,
730 4248 762 4300 et
777 4235 940 4299 irridendo
961 4257 1069 4300 eorum
1095 4231 1268 4297 minutulas
1289 4235 1493 4318 quaestiones,

544 4340 621 4401 scire
638 4361 670 4399 se
687 4339 766 4402 velle
781 4339 923 4414 dixisset,
935 4361 992 4401 cur
1004 4352 1035 4402 et
1051 4361 1090 4400 ex
1107 4340 1207 4420 nigra,
1218 4349 1249 4398 et
1265 4358 1304 4398 ex
1320 4334 1392 4398 alba
1407 4337 1492 4412 faba,

544 4443 744 4525 pulmentum
762 4440 855 4504 unius
870 4441 982 4504 coloris
996 4440 1085 4503 edat:
1127 4437 1271 4501 Aridices
1286 4437 1493 4525 philosophus

590 4561 660 4606 v01..
681 4562 724 4607 ιν.
1017 4565 1034 4604 s
