4084 5634
545 855 616 899 car.
633 837 724 916 xxc]
915 851 1168 897 nocrcnarrcus.
1453 845 1493 901 67

543 1016 577 1068 et
590 1003 757 1068 consilium
773 1004 877 1069 debet.
911 1003 1009 1068 Unde
1025 1013 1178 1089 quantum
1193 1006 1335 1070 omnium
1349 1008 1491 1070 Domino

545 1105 705 1180 debeatur,
721 1108 787 1169 sole
812 1107 928 1170 elarius
951 1107 1049 1181 lucet,
1072 1106 1100 1168 si
1125 1116 1248 1170 tantum
1270 1108 1408 1172 debetur
1428 1109 1490 1186 his,

543 1208 659 1290 quibus
673 1209 743 1271 sola
757 1207 909 1272 fidelitate
923 1219 1068 1271 tenemur
1089 1208 1221 1271 astricti.
1266 1208 1331 1273 Sed
1346 1221 1378 1273 et
1392 1231 1490 1294 poena

542 1306 636 1391 hujus
661 1308 803 1372 criminis
827 1320 875 1372 est
896 1319 995 1384 tanta,
1021 1319 1145 1371 utnon
1172 1311 1266 1374 facile
1292 1310 1490 1388 crediderim,

542 1430 602 1474 nee
617 1431 637 1473 a
650 1409 790 1474 dominis
803 1410 989 1488 insularum,
1004 1411 1059 1494 qui
1082 1411 1277 1494 frequentius
1291 1412 1488 1495 tyrannidem

540 1511 690 1590 induunt,
704 1512 844 1576 severius
864 1513 1031 1596 quippiam
1052 1513 1226 1593 excogitari
1241 1534 1346 1595 posse.
1390 1515 1434 1576 Et
1450 1534 1489 1576 ne

541 1630 562 1674 a
588 1623 793 1695 tyrannorum
823 1614 947 1676 saevitia
975 1634 1081 1695 poenae
1117 1613 1267 1676 severitas
1297 1615 1490 1697 processisse

540 1713 698 1791 credatur,
725 1715 828 1797 ipsius
857 1712 1081 1777 modestissimi
1113 1713 1172 1776 viri
1200 1715 1295 1778 verba
1320 1736 1378 1799 pro
1402 1727 1490 1799 parte

539 1817 714 1898 posuimus.
759 1817 814 1879 Ait
841 1836 933 1896 ergo:
964 1814 1116 1899 Quisquis
1145 1837 1218 1879 curn
1247 1816 1412 1895 militibus,
1441 1819 1491 1880 vel

542 1935 615 1978 eum
647 1917 788 1998 privatis,
814 1919 865 1980 vel
894 1917 1035 1980 barbaris
1063 1918 1158 1981 etiam
1189 1919 1356 1982 scelestam
1384 1918 1491 1982 inierit

541 2014 725 2094 factionem,
744 2031 799 2081 aut
822 2018 966 2082 fectionis
991 2018 1092 2102 ipsius
1114 2020 1292 2103 susceperit
1312 2040 1492 2084 sacramen·

543 2123 622 2194 tum,
637 2120 686 2181 vel
700 2117 832 2197 dederit,
847 2131 880 2183 et
894 2119 934 2182 de
949 2140 1030 2184 nece
1046 2121 1140 2184 etiam
1156 2121 1293 2185 virorum
1308 2122 1491 2200 illustrium,

542 2218 597 2302 qui
620 2220 761 2284 consiliis
782 2232 815 2285 et
837 2222 1026 2287 consistorio
1048 2235 1156 2286 nostro
1177 2223 1343 2301 intersunt,
1358 2222 1491 2287 Senato-

540 2339 609 2383 rum
624 2321 732 2399 edam,
746 2343 821 2386 nam
835 2333 868 2387 et
881 2324 944 2408 ipsi
966 2334 1041 2407 pars
1061 2323 1203 2407 corporis
1223 2321 1322 2387 nostri
1342 2336 1425 2402 sunt,
1441 2326 1490 2389 vel

540 2420 711 2505 cujuslibet
739 2435 902 2506 postremo
932 2425 988 2507 qui
1017 2424 1114 2487 nobis
1148 2424 1274 2497 militat,
1305 2425 1492 2506 cogitaverit

541 2521 665 2597 (eadem
695 2524 780 2585 enim
818 2524 983 2587 severitate
1020 2524 1217 2587 voluntatem
1254 2525 1392 2600 sceleris,
1429 2546 1492 2608 qua

541 2624 688 2687 effectum
704 2626 810 2706 puniri
820 2625 895 2708 jura
905 2627 1082 2705 voluemnt)
1095 2626 1165 2708 ipse
1182 2622 1312 2704 quidem
1328 2636 1364 2686 ut
1378 2624 1489 2706 majes-

541 2723 615 2784 tatis
637 2744 709 2785 reus
736 2723 843 2803 gladio
869 2722 1004 2800 feriatur,
1027 2723 1176 2786 omnibus
1197 2722 1293 2785 bonis
1319 2723 1388 2807 ejus
1411 2723 1492 2786 fisco

491 2840 507 2859 ‘
542 2832 651 2885 nostro
667 2821 813 2886 addictis.
860 2824 885 2886 F
885 2823 931 2886 ilii
955 2846 1028 2887 vero
1044 2823 1123 2907 ejuS,
1139 2823 1256 2906 quibus
1278 2823 1375 2886 vitam
1390 2822 1489 2907 impe-

541 2923 655 2987 ratoria
670 2924 852 3008 specialiter
867 2924 997 2989 lenitate
1012 2923 1221 2989 concedimus
1245 2922 1388 3009 (patemo
1403 2925 1490 2989 enim

541 3021 659 3086 debent
682 3022 785 3105 perire
810 3020 982 3106 supplicio,
1003 3022 1036 3085 in
1060 3022 1177 3106 quibus
1199 3021 1333 3104 paterni,
1356 3022 1418 3088 hoc
1442 3034 1491 3087 est

539 3123 720 3186 hereditarii
742 3125 884 3187 criminis
908 3127 1056 3209 exempla
1082 3127 1275 3203 metuuntur)
1302 3146 1322 3186 a
1348 3132 1491 3187 materna

540 3225 589 3286 vel
611 3223 705 3298 avita,
721 3225 864 3286 omnium
886 3225 982 3288 etiam
1004 3225 1223 3309 proximorum
1246 3224 1432 3287 haereditate
1453 3245 1490 3287 ac

540 3323 743 3385 successione
768 3320 944 3385 habeantur
969 3324 1077 3397 alieni,
1103 3321 1302 3384 testamentis
1323 3331 1489 3385 extraneo-

540 3444 610 3487 rum
636 3423 716 3487 nihil
742 3424 880 3506 capiant.
925 3423 997 3487 Sint
1023 3434 1178 3507 perpetuo
1202 3434 1334 3503 egentes
1357 3432 1390 3486 et
1413 3444 1491 3507 pau·

540 3546 643 3609 peres,
665 3525 797 3589 infamia
820 3544 876 3588 eos
901 3544 1027 3607 semper
1055 3535 1186 3607 patema
1214 3523 1392 3589 comitetur.
1439 3525 1490 3589 Ad

539 3628 645 3690 nullos
659 3648 800 3712 unquam
814 3627 960 3702 honores,
975 3625 1015 3688 ad
1038 3627 1125 3688 nulla
1148 3647 1278 3708 prorsus
1293 3640 1491 3691 sacramenta

539 3730 734 3813 perveniant.
781 3730 853 3793 Sint
881 3742 1043 3814 postremo
1074 3730 1163 3806 tales,
1192 3738 1228 3791 ut
1258 3729 1309 3792 his
1338 3740 1517 3812 perpetua,

540 3842 681 3912 egestate
706 3829 922 3904 sordentibus,
947 3829 990 3891 sit
1015 3839 1049 3890 et
1073 3849 1157 3891 mors
1182 3828 1343 3906 solatium,
1370 3841 1401 3890 et
1427 3829 1491 3890 vite

540 3930 742 4014 supplicium.
788 3929 939 4011 Denique
958 3927 1111 4011 jubemus
1133 3928 1229 3991 etiam
1252 3949 1308 3991 eos
1330 3928 1489 3991 notabiles

539 4052 608 4094 esse
633 4033 702 4095 sine
727 4031 827 4107 venia,
849 4030 904 4111 qui
928 4049 986 4112 pro
1008 4027 1126 4090 talibus
1152 4050 1297 4111 unquam
1320 4028 1408 4109 apud
1430 4048 1490 4089 nos

507 4131 509 4137 '
539 4133 727 4197 intervenire
743 4132 941 4196 tentaverint.
987 4131 1038 4193 Ad
1058 4130 1141 4194 filias
1164 4150 1241 4193 sane
1262 4149 1383 4203 eorum,
1398 4139 1490 4210 quot-

539 4232 619 4297 libet>
627 4254 760 4297 numero
771 4232 897 4309 suerint,
910 4230 1068 4295 falcidiam
1080 4241 1203 4294 tantum
1214 4249 1257 4290 ex
1269 4226 1363 4289 bonis
1373 4227 1491 4305 matris,

542 4330 606 4394 sive
627 4343 743 4397 testata
765 4333 830 4394 sire
852 4329 1001 4395 intestata
1022 4328 1186 4403 defecerit,
1213 4327 1358 4388 volumus
1384 4345 1491 4410 perve-

541 4430 629 4508 nire;
651 4442 687 4496 ut
707 4433 846 4497 habeant
867 4431 974 4515 potius
994 4428 1188 4492 mediocrem
1207 4424 1283 4487 filiae
1299 4424 1491 4513 alimoniam,

989 4531 1042 4589 112
