4084 5634
535 858 610 903 car.
625 839 711 920 xxa]
885 855 1141 903 maronarrcos.
1451 841 1491 899 58

537 1021 670 1095 uterque
689 1019 722 1074 et
744 1009 909 1087 instituta,
930 1020 963 1073 et
984 1007 1191 1074 instituendae
1212 1005 1408 1090 prescripsit
1426 1005 1489 1067 ior·

538 1113 667 1190 mulam,
680 1122 716 1175 ut
734 1111 800 1176 rita
819 1111 921 1175 civilis
942 1120 1088 1174 naturam
1110 1109 1260 1185 imitetur,
1281 1127 1378 1192 quam
1405 1105 1489 1190 opti-

537 1233 621 1276 mam
636 1211 763 1276 vivendi
778 1211 895 1277 ducem
918 1211 1094 1295 saepissime
1110 1208 1356 1273 nominavimus.
1401 1207 1488 1270 Alio·

536 1314 628 1398 quin,
656 1335 721 1378 non
753 1312 849 1377 modo
878 1311 1030 1388 incivilis,
1060 1310 1118 1375 sed
1146 1307 1255 1393 potius
1284 1306 1427 1372 bestialis
1456 1317 1490 1371 et

538 1416 630 1478 bmta
658 1414 718 1478 rite
747 1415 940 1479 censebitur.
984 1414 1068 1486 Quae
1097 1413 1139 1475 sit
1160 1420 1266 1475 autem
1296 1421 1418 1474 naturae
1440 1409 1488 1471 in·

538 1515 672 1593 stitutio,
692 1516 764 1598 ipsa
787 1514 920 1580 rationis
940 1514 1143 1598 experientia
1166 1522 1340 1576 monstrare
1362 1510 1487 1574 sufficit.

539 1617 711 1679 Poetamm
741 1614 948 1680 doctissimus
974 1616 1079 1692 Maro,
1105 1613 1147 1677 ad
1175 1632 1270 1696 quem
1299 1610 1489 1675 Plutarchus

539 1738 631 1780 arrum
647 1715 788 1781 destinat
801 1715 987 1799 Trajanum,
1003 1724 1040 1778 ut
1054 1715 1180 1779 civilem
1205 1714 1302 1777 vitam
1317 1714 1358 1777 ab
1374 1712 1489 1796 apibus

539 1827 712 1895 mutuetur,

612 1983 775 2037 Admiranda
783 1984 853 2037 canit
863 1984 958 2039 levium
970 1984 1119 2057 spectacula
1131 2001 1226 2048 rerum,

614 2069 682 2122 Solea
693 2087 839 2123 commones
848 2076 934 2136 natos,
945 2071 1074 2124 consortia
1085 2075 1158 2123 tecta

612 2155 692 2209 Urbis
702 2156 810 2220 habent,
821 2158 973 2227 magnisqrre
983 2157 1088 2225 agitant
1098 2155 1147 2209 sub
1158 2154 1262 2224 legibue
1274 2169 1370 2209 aevum:

611 2241 646 2294 lit
655 2243 767 2315 patriam
778 2241 850 2306 solie,
863 2247 890 2296 et
901 2249 987 2296 certos
997 2259 1093 2296 novere
1104 2245 1227 2313 penates:

610 2328 786 2397 Ventnraeque
795 2327 898 2397 hyemis
909 2344 1046 2392 memores,
1058 2332 1151 2380 estate
1161 2326 1279 2379 laborem

610 2414 795 2487 Experimini,
806 2421 834 2468 et
844 2416 872 2469 in
882 2416 998 2469 medinm
1009 2415 1119 2485 quaesita
1129 2420 1266 2485 reponunt.

610 2500 731 2571 Namque
742 2501 802 2554 aliae
812 2503 882 2555 rictu
893 2502 1042 2569 invigilant.
1053 2507 1082 2554 et
1092 2499 1192 2553 foedere
1202 2504 1279 2571 pacto

611 2587 771 2640 Exercentur
782 2588 862 2656 agris,
873 2605 933 2659 pars
943 2588 1013 2662 intra
1024 2594 1099 2660 septa
1112 2587 1255 2650 domorum,

579 2735 581 2741 .
612 2674 728 2726 Narcissi
736 2673 905 2742 lachrymam,
918 2680 946 2726 et
956 2674 1057 2726 lentum
1070 2673 1104 2726 de
1115 2673 1209 2725 cortice
1221 2671 1322 2739 gluten,

614 2757 702 2809 Prima
712 2757 779 2810 iaris
789 2762 889 2828 ponunt
897 2755 1058 2822 firmamina,
1071 2755 1166 2808 deinde
1178 2762 1285 2808 tenaces

612 2842 779 2913 Suspendant
790 2859 876 2895 ceras:
895 2841 963 2907 aliar,
975 2859 1049 2913 spem
1060 2841 1157 2909 gentis,
1169 2838 1272 2893 adultos

613 2928 734 2981 Educnnt
743 2927 832 2992 fortas,
844 2928 903 2982 alite
914 2928 1053 3001 purissima
1065 2926 1144 2980 mella

612 3017 723 3087 Stipant,
734 3021 762 3068 et
772 3014 870 3084 liquido
881 3014 1033 3068 distendunt
1042 3019 1146 3067 nectare
1158 3012 1247 3068 cellas.

610 3103 685 3167 Sunt,
697 3101 790 3170 quibus
802 3101 835 3153 ad
847 3107 934 3173 portas
945 3099 1039 3153 cecidit
1050 3099 1168 3153 custodia
1179 3101 1252 3164 sorti,

612 3188 694 3255 loque
705 3187 788 3239 ricem
798 3186 961 3257 speculantur
972 3203 1063 3254 aquas,
1077 3191 1106 3237 et
1116 3184 1205 3238 nubila
1217 3185 1289 3238 oceli:

613 3271 669 3322 Aut
681 3287 759 3321 onera
770 3270 899 3339 accipiant
910 3269 1068 3332 venientum,
1080 3274 1126 3321 aut
1138 3270 1243 3335 agmine
1254 3267 1332 3328 hato,

617 3355 745 3422 ignavom
755 3353 828 3406 fucos
839 3369 917 3422 pecus
928 3370 946 3404 a
956 3352 1115 3424 prnsepibns
1128 3358 1227 3405 arcent.

618 3440 714 3493 Fervet
724 3456 797 3510 opus,
809 3435 976 3506 redolentque
988 3436 1077 3505 thymo
1088 3435 1219 3504 fragantia
1230 3434 1320 3505 mella..

614 3526 656 3578 Ac
666 3523 747 3578 veluti
758 3523 837 3576 lentis
848 3521 977 3594 Cyclopes
987 3520 1097 3575 fulmina
1108 3523 1203 3575 massis

613 3614 704 3676 Quom
714 3615 862 3682 properant,
874 3607 920 3661 alii
931 3608 1041 3661 taurinis
1051 3607 1157 3662 follibus
1169 3624 1246 3662 auras

613 3697 761 3769 Accipiunt,
773 3695 950 3764 redduntque3
968 3694 1013 3747 alii
1025 3695 1164 3749 stridentia
1174 3695 1280 3764 tingunt

613 3783 686 3836 Aera
695 3781 763 3845 laon,
774 3781 859 3848 gemit
869 3779 996 3853 impositis
1006 3779 1145 3834 incudibus
1158 3782 1249 3834 AEtna.

614 3867 660 3921 illi
670 3870 739 3920 inter
750 3883 808 3919 sese
820 3882 916 3933 magna
927 3866 953 3917 ri
965 3864 1071 3918 brachia
1082 3864 1178 3919 tollunt

617 3954 648 4006 ln
659 3970 803 4015 numeram,
814 3956 969 4020 versantque
980 3952 1066 4003 tenaci
1076 3951 1173 4024 forcipe
1183 3952 1288 4005 ferrum.

616 4039 643 4092 N
645 4057 679 4092 on
689 4038 767 4091 aliter
776 4036 816 4108 (si
826 4053 905 4109 parva
918 4035 980 4089 licet
991 4053 1142 4108 componere
1153 4038 1273 4108 magnis)

616 4124 757 4196 Cecropias
768 4124 872 4175 innatas
883 4139 946 4193 apes
957 4139 1030 4175 amor
1040 4128 1116 4191 urget
1126 4123 1249 4186 habendi,

618 4212 729 4264 Munere
741 4226 870 4279 quamque
881 4226 939 4262 sno:
952 4209 1098 4276 grandaevis
1109 4209 1203 4281 oppida
1215 4223 1291 4270 curae,

620 4294 854 4359 ermenasiam,
867 4298 895 4347 et
906 4292 1017 4346 Daedala
1027 4293 1127 4362 fingere
1138 4298 1217 4345 tecta.

622 4383 660 4434 At
669 4380 745 4434 fessae
755 4380 838 4434 multa
848 4379 964 4433 referunt
974 4397 1003 4432 se
1015 4385 1091 4431 nocte
1102 4378 1223 4438 minores,

622 4468 705 4521 Omra
715 4468 803 4538 thymo
813 4466 912 4537 plenae:
932 4471 1070 4535 pascuntur
1082 4468 1109 4516 et
1121 4462 1213 4515 arbuta
1223 4462 1327 4532 passim,
