4084 5634
603 845 644 906 ³8
862 857 998 903 ioannis
1014 856 1295 904 saansaamensrs
1418 845 1499 924 [ara.
1515 863 1560 909 vr.

605 1011 839 1075 comminutum
853 1021 911 1074 est.
957 1011 1130 1095 Imperium
1146 1009 1212 1074 sere
1226 1012 1409 1076 Romanum
1421 1015 1560 1079 exhaus-

606 1123 674 1175 tum
689 1121 749 1191 est,
763 1123 797 1175 et
818 1111 989 1190 divulsum,
1006 1114 1138 1176 Nerone
1160 1111 1347 1196 imperante,
1369 1113 1462 1199 cujus
1484 1118 1560 1198 gula

603 1212 670 1276 sere
707 1213 816 1276 omnia
852 1212 1026 1291 devoravit,
1057 1213 1232 1277 maculavit
1267 1214 1380 1291 libido,
1410 1217 1561 1280 exhausit

604 1309 746 1386 avaritia,
761 1310 855 1391 {regit
876 1309 1017 1390 ignavia,
1033 1310 1162 1373 luxuria
1184 1330 1258 1373 cum
1281 1312 1435 1395 superbia
1448 1313 1560 1376 exina-

605 1409 695 1473 nivit.
740 1409 807 1473 Hic
823 1411 942 1474 nullam
960 1422 1081 1474 vestem
1096 1411 1148 1473 bis
1162 1410 1277 1487 induit,
1291 1422 1326 1475 ut
1342 1413 1392 1476 vel
1402 1413 1435 1477 in
1451 1414 1559 1497 aliquo

604 1509 728 1573 ceteris
743 1510 897 1592 singulari
912 1512 1012 1591 gloria
1033 1512 1230 1595 proeluceret
1277 1511 1342 1576 Sed
1362 1512 1438 1578 dum
1454 1515 1559 1577 Roma

604 1611 759 1694 permisit,
790 1624 893 1675 totum
923 1615 1032 1676 orbem
1062 1614 1139 1677 fecit
1169 1613 1349 1695 inglorium.
1396 1613 1560 1699 Quicquid

602 1711 737 1774 aliorum
753 1712 900 1795 quaesivit
914 1713 1080 1792 industria,
1095 1713 1192 1798 hujus
1206 1715 1320 1778 inertia
1333 1715 1398 1778 sere
1413 1715 1528 1779 amisit.

604 1981 684 2066 (lap.
706 1988 753 2046 lt.
773 1983 936 2047 &manos
950 1985 986 2046 in
998 1983 1175 2065 disciplina
1183 2003 1260 2065 proe
1271 1987 1397 2049 coeterr's
1407 1988 1557 2067 venare,

654 2091 687 2146 et
700 2085 736 2145 in
751 2085 799 2146 eis
813 2083 941 2146 ,Iulium
958 2085 1278 2171 Ooesoremflorutsssse
1287 2105 1359 2166 pre
1375 2089 1506 2150 ceterae.

647 2242 716 2305 sm
730 2263 829 2326 quum
852 2245 994 2307 omnium
1011 2245 1154 2325 gentium
1170 2244 1321 2325 exempla
1335 2244 1474 2316 revolvo,
1491 2242 1555 2306 dis·

603 2341 724 2427 ciplina
735 2343 952 2408 Romanorum
967 2343 1170 2426 praecaeteris
1185 2343 1280 2406 lucet.
1302 2343 1555 2427 Moesisquoqne

602 2445 772 2528 plurimum
785 2445 941 2527 profuisse
956 2444 1074 2526 legitur
1088 2441 1269 2525 disciplina,
1284 2453 1320 2506 ut
1338 2443 1371 2506 in
1392 2443 1554 2527 paucitate

601 2564 658 2609 sua
673 2545 818 2637 finitimis
834 2545 1003 2628 superatis,
1021 2564 1094 2607 cum
1111 2543 1266 2607 Romanis
1289 2543 1358 2607 ausi
1378 2544 1444 2608 sint
1457 2564 1555 2628 super

601 2645 736 2729 imperio
759 2648 900 2730 gentium
924 2645 1085 2709 dimicare.
1131 2644 1236 2717 Quam
1259 2643 1318 2709 feri
1340 2655 1445 2709 autem
1471 2645 1555 2709 exti-

600 2748 708 2824 terint,
730 2770 772 2812 ex
797 2747 901 2811 verbis
923 2766 1034 2810 eorum
1063 2745 1236 2827 colligitur,
1261 2745 1380 2829 quibus
1404 2744 1556 2809 adversus

599 2846 765 2910 Romanos
780 2847 977 2928 pugnaturis,
992 2866 1076 2908 nnus
1090 2844 1210 2908 ducum
1232 2858 1305 2908 ante
1327 2846 1430 2909 aciem
1445 2855 1554 2928 postu·

598 2947 664 3009 lato
691 2946 837 3008 silentio:
870 2945 948 3019 Vos,
973 2945 1090 3025 inquit,
1105 2944 1174 3025 -qui
1196 2941 1295 3006 estis?
1349 2945 1553 3026 Responsum

600 3053 669 3107 est:
699 3044 839 3107 Romani
870 3041 1013 3124 gentium
1044 3040 1176 3103 domini.
1222 3042 1267 3104 Et
1295 3042 1371 3105 ille:
1404 3044 1455 3105 Ita
1486 3042 1553 3118 fiet,

599 3144 714 3229 inquit,
730 3144 757 3208 si
780 3165 837 3208 vos
858 3141 997 3207 viceritis
1010 3163 1081 3206 nos.
1126 3141 1226 3205 Gravi
1248 3141 1377 3207 tandem
1401 3142 1554 3207 conflictu

599 3256 775 3330 pugnatum
791 3257 851 3325 est,
863 3243 921 3308 sed
933 3244 1072 3308 Romani
1087 3243 1239 3320 vicerunt,
1251 3253 1283 3307 et
1292 3264 1424 3309 numero
1434 3245 1554 3328 plures,

600 3359 634 3411 et
649 3349 795 3413 fortiores
811 3350 941 3424 viribus,
953 3359 986 3411 et
996 3345 1234 3412 exercitatiores
1246 3366 1318 3424 usu,
1328 3348 1554 3412 multis-tamen

599 3447 724 3509 amissis
738 3468 879 3524 suorum,
894 3469 933 3508 eo
949 3446 1036 3528 quod
1059 3448 1105 3509 eis
1121 3446 1306 3508 colluctatio
1325 3447 1429 3510 fuerat
1443 3447 1554 3511 adver·

600 3566 655 3609 sus
683 3546 838 3628 populum
870 3544 1115 3625 disciplinaliter
1143 3541 1311 3605 eruditum.
1371 3546 1490 3608 Verum
1519 3547 1552 3607 in

599 3655 668 3707 tota
681 3665 715 3707 re
730 3642 858 3706 militari
869 3641 952 3705 nihil
967 3642 1089 3719 utilius,
1099 3641 1179 3704 nihil
1190 3641 1307 3705 clarius
1322 3643 1403 3707 duce
1415 3643 1552 3708 erudito.

600 3741 685 3803 Nam
708 3739 807 3802 virtue
829 3749 862 3802 et
883 3738 1040 3803 industria
1061 3737 1165 3817 ducis,
1182 3739 1358 3804 efficaciam
1381 3741 1562 3820 exercitus,

599 3840 684 3903 sicut
698 3840 937 3924 proverbialiter
951 3839 1018 3903 dici
1033 3841 1124 3919 solet,
1139 3840 1229 3924 quasi
1245 3841 1342 3904 altera
1356 3844 1451 3905 lance
1466 3863 1552 3906 com·

598 3952 722 4024 pensat.
768 3940 932 4006 Caesareos
954 3941 1133 4025 triumphos
1153 3939 1229 4004 duci
1251 3943 1371 4025 potius,
1387 3964 1481 4027 quam
1498 3963 1553 4006 ex·

598 4042 711 4106 ercitui
742 4052 881 4106 vetustas
917 4043 1072 4126 ascripsit.
1132 4043 1179 4106 Ut
1213 4043 1297 4105 enim
1331 4041 1461 4106 Solinus
1495 4044 1551 4117 ait,

598 4156 752 4226 quantum
775 4141 922 4207 Senicius
944 4156 999 4206 aut
1019 4143 1151 4224 Sergius
1173 4143 1257 4206 inter
1277 4143 1405 4216 milites,
1428 4155 1551 4211 tantum

596 4242 679 4306 inter
693 4244 805 4323 duces,
819 4244 884 4306 imo
899 4243 979 4307 intcr
995 4263 1107 4305 omnes
1121 4240 1268 4304 homines
1280 4242 1389 4306 Oaesar
1404 4244 1552 4309 Dictator

481 4357 486 4368 ·
597 4343 721 4406 enituit.
781 4344 888 4428 Hujus
922 4343 1073 4407 ductibus
1100 4341 1255 4404 undecies
1282 4356 1410 4406 centum
1437 4345 1548 4428 viginti

598 4456 630 4507 et
653 4442 718 4506 duo
744 4444 843 4506 millia
871 4445 1009 4510 hostium
1037 4462 1133 4520 caesa,
1163 4441 1252 4525 [nam
1277 4457 1428 4527 quantum
1456 4449 1552 4511 bellis
