4084 5634
540 852 728 932 canum]
896 867 1153 916 aorrcaamcos.
1458 852 1499 909 oc

539 1023 641 1088 beate
666 1023 823 1103 civitates,
844 1023 873 1087 si
898 1023 983 1087 hanc
1009 1022 1072 1086 sibi
1099 1019 1226 1084 vivendi
1252 1017 1494 1103 prescriberent

540 1122 681 1188 formam·

537 1316 618 1401 Gap.
634 1323 688 1381 22.
712 1318 806 1394 Quod
817 1320 889 1383 siae
905 1317 1089 1401 pudentia
1103 1324 1135 1378 el
1149 1315 1369 1380 sollicitudine
1382 1315 1494 1377 nullm

578 1416 1493 1501 magistratasrabsislitincolumis,necci9etrespublico

579 1522 674 1606 cajus
687 1530 787 1603 caput
802 1523 1006 1604 infirmatur.

585 1654 675 1718 Loca
696 1676 827 1740 quoque
849 1653 1054 1730 venerabilia,
1068 1653 1096 1716 si
1112 1674 1208 1736 apum
1230 1652 1380 1717 insistant
1402 1653 1494 1716 vesti·

538 1755 610 1837 giis,
624 1757 677 1821 via
699 1755 1033 1841 compendiosissima,
1049 1763 1083 1819 et
1104 1753 1267 1838 expedita,
1281 1753 1493 1838 proficiscun-

539 1868 591 1921 tur
619 1858 660 1922 ad
690 1859 798 1922 vitam.
842 1854 927 1920 Vide
963 1855 1049 1942 apud
1085 1857 1252 1922 Maronem
1286 1854 1494 1920 fundamenta
1578 1873 1583 1883 ·

538 1959 756 2044 Carthaginis,
771 1968 805 2024 et
818 1978 925 2024 carum
940 1959 1110 2024 collatione
1125 1959 1229 2023 beatae
1245 1959 1333 2023 urbis
1348 1956 1494 2043 auspicia

539 2060 659 2142 poteris
686 2059 843 2125 admirari.
887 2061 1039 2124 Omnium
1068 2080 1209 2145 namque
1239 2061 1381 2125 laborem
1405 2080 1493 2124 com·

539 2181 668 2224 munem
690 2182 858 2244 agnosces,
872 2172 906 2226 et
920 2161 1083 2226 neminem
1106 2163 1207 2240 otiari,
1221 2162 1390 2246 ipsamque
1409 2160 1491 2242 regi·

538 2283 624 2341 nam,
634 2263 726 2348 cujus
738 2284 800 2348 ope
816 2263 953 2328 civitatis
965 2272 1123 2328 structura
1134 2264 1308 2346 consurgit,
1318 2262 1379 2328 etsi
1390 2260 1493 2326 labori

538 2363 719 2429 inferiorum
734 2385 848 2430 manus
865 2387 942 2430 suas
960 2386 1165 2452 nequaquam
1179 2365 1367 2443 immisceat,
1381 2366 1492 2429 oculos

539 2477 646 2530 nmen
660 2466 821 2552 impendit
836 2469 937 2552 operi,
951 2479 983 2532 et
996 2467 1097 2533 totius
1119 2467 1237 2531 mentis
1257 2475 1387 2531 exercet
1407 2465 1495 2529 solli·

539 2567 726 2632 citudinem.
770 2569 856 2632 Nam
872 2569 941 2633 sine
960 2569 1133 2652 prudentia
1147 2580 1179 2632 et
1193 2567 1408 2633 sollicitudine
1427 2587 1495 2630 non

541 2669 639 2733 modo
653 2669 837 2751 respublica
857 2689 924 2732 uon
939 2669 1096 2753 procedit,
1112 2669 1168 2732 sed
1190 2689 1250 2731 nec
1270 2668 1402 2731 minima
1417 2687 1495 2732 con·

542 2770 627 2833 sistit
648 2768 772 2831 domus.
817 2768 914 2833 Unde
936 2770 970 2831 in
993 2768 1272 2833 commendatione
1289 2769 1407 2852 Ulyxis
1424 2768 1495 2833 Ho-

543 2891 648 2933 merus
663 2870 693 2933 ei
709 2871 859 2934 comitem
876 2869 973 2934 docet
992 2890 1120 2955 semper
1137 2868 1338 2955 prudentiam
1353 2871 1494 2946 affuisse,

542 2993 638 3056 quam
659 2972 722 3036 ritu
746 2971 872 3057 poetico
894 2973 1076 3036 Minervam
1100 2973 1305 3056 nuncupavit
1350 2973 1496 3038 Imitator

541 3096 668 3160 quoque
689 3075 786 3148 illius,
802 3075 904 3154 Maro,
917 3076 1018 3139 virum
1041 3075 1196 3159 insignem
1212 3076 1308 3140 armis
1329 3087 1362 3140 et
1375 3077 1495 3161 pietate

542 3175 737 3254 describens,
747 3186 781 3239 et
792 3197 886 3258 quem
898 3176 1030 3259 dignum
1043 3176 1181 3250 censuit,
1193 3187 1229 3240 ut
1238 3188 1361 3261 patrem
1376 3178 1497 3242 faceret

542 3277 772 3354 Romanorum,
787 3287 871 3339 recte
894 3277 925 3339 ei
946 3276 980 3338 iu
1003 3277 1153 3358 gerendis
1174 3278 1324 3340 omnibus
1342 3278 1498 3341 Achatem

542 3377 691 3454 sociavit,
706 3398 746 3439 eo
760 3375 848 3460 quod
870 3375 1043 3440 solicitudo
1064 3375 1254 3462 prudentior,
1269 3398 1342 3462 quae
1358 3377 1498 3459 gerenda

543 3487 627 3558 sunt,
648 3478 825 3544 rectissime
846 3486 1025 3564 promovet,
1045 3489 1077 3542 et
1102 3479 1169 3541 viro
1193 3478 1424 3563 circumspecto
1449 3479 1496 3545 sic

542 3580 672 3664 negotia
691 3601 778 3664 serpe
798 3579 989 3665 procedunt,
1002 3591 1039 3644 ut
1052 3580 1152 3644 nullis
1172 3579 1391 3644 insidiantium
1413 3580 1496 3647 dolis

542 3683 766 3766 praepediatur,
782 3691 815 3745 et
829 3682 921 3767 quasi
941 3681 1113 3746 invisibilis
1135 3683 1185 3746 via
1206 3681 1414 3765 gerendorum
1428 3703 1496 3748 non

543 3785 718 3868 publicata,
732 3782 773 3849 ad
789 3783 886 3847 finem
901 3784 1091 3848 intentionis
1111 3784 1273 3868 perveniat
1291 3782 1496 3849 destinatum.

544 3887 717 3969 Eleganter
731 3885 893 3972 equidem,
904 3907 1003 3969 quum
1018 3906 1080 3950 nec
1093 3906 1142 3950 res
1151 3885 1306 3961 militaris,
1318 3908 1379 3951 nec
1395 3889 1496 3971 pieta·

545 3988 587 4051 tis
608 4009 691 4073 opus
713 3989 782 4051 sine
805 3987 1023 4052 sollicitudine
1045 3999 1079 4052 et
1099 3987 1270 4073 prudentia
1286 3990 1388 4053 valcat
1402 4009 1495 4053 exer·

542 4090 615 4152 ceri.
660 4087 781 4152 steens
796 4089 905 4173 utique
920 4074 1104 4154 contractus
1119 4100 1178 4167 est,
1192 4110 1292 4174 quum
1308 4089 1495 4153 sollicitudo

545 4190 723 4273 prudentiae
746 4190 895 4269 sociatur,
918 4191 993 4275 quia
1014 4201 1047 4254 et
1069 4191 1233 4274 ingenium
1256 4189 1427 4272 perspicax
1449 4209 1496 4253 re·

547 4292 689 4357 tunditur
710 4293 786 4370 otio,
809 4300 842 4355 et
864 4292 1046 4357 sollicitudo
1067 4314 1131 4357 non
1155 4290 1294 4376 proficit,
1309 4289 1370 4352 nisi
1393 4288 1496 4355 divitis

550 4412 640 4456 venae
656 4393 863 4458 fundamento
883 4393 1010 4458 nitatur.
1056 4392 1195 4457 Alterius
1213 4390 1260 4453 sic

722 4498 815 4553 Altera
826 4502 909 4570 poscit
921 4518 996 4571 opem
1008 4517 1059 4564 ree,
1073 4505 1099 4552 et
1111 4499 1227 4568 conjurat
1239 4497 1326 4551 amice.
