4084 5634
662 801 703 859 48
902 811 1040 859 Joausrs
1057 813 1335 859 saanssaarsusrs
1468 793 1551 873 [arn.
1567 810 1614 856 vr.

661 966 697 1029 Si
720 987 793 1028 vero
815 977 901 1029 recte
923 966 1041 1030 fuerint
1061 966 1209 1045 instituti,
1230 976 1263 1029 et
1287 963 1464 1029 doctrinam
1490 968 1613 1031 exerci-

660 1065 780 1129 tatione
816 1066 1018 1144 firmaveriut,
1056 1069 1203 1131 honorati
1239 1067 1400 1146 incedant,
1436 1068 1615 1132 habeantur

660 1165 771 1248 patrioe
802 1164 996 1244 defensores,
1025 1166 1149 1231 niteant
1178 1167 1277 1244 cultu,
1307 1167 1363 1249 qui
1392 1179 1499 1230 tamen
1529 1168 1613 1230 viros

660 1265 786 1345 deceat,
807 1288 883 1331 nam
913 1269 1018 1331 cultus
1048 1266 1198 1330 lascivior
1219 1288 1281 1331 nec
1303 1267 1339 1329 in
1359 1267 1507 1330 muliebri
1530 1288 1613 1330 sexu

659 1367 736 1430 vitio
751 1377 847 1447 caret,
863 1378 919 1430 aut
931 1378 1016 1430 nota.
1062 1367 1183 1432 Crebro
1198 1388 1338 1451 namque
1350 1376 1546 1449 compertum
1564 1379 1614 1431 est

657 1469 690 1531 in
706 1470 811 1547 bellis,
827 1469 947 1532 militias
963 1468 1183 1532 lascivientem
1203 1479 1235 1532 et
1255 1468 1462 1550 splendidum
1477 1489 1611 1554 appara·

658 1581 735 1649 tum,
747 1591 811 1633 non
828 1583 892 1634 tam
908 1570 1032 1633 civibus
1047 1571 1190 1633 conferre
1207 1570 1383 1642 victoriam,
1395 1591 1490 1652 quam
1502 1571 1612 1634 hostes

657 1672 790 1734 invitare
806 1670 848 1736 ad
862 1670 1013 1754 praedam.
1059 1671 1156 1735 Unde
1172 1681 1204 1733 et
1220 1670 1397 1746 Hannibal,
1413 1691 1511 1753 quum
1523 1670 1609 1753 apud

657 1790 765 1852 regem
787 1770 982 1834 Antiochum
1005 1781 1180 1834 moraretur
1202 1791 1300 1834 eausa
1320 1770 1467 1852 profugii,
1484 1770 1610 1833 tacetis-

657 1871 737 1934 sime
760 1871 926 1935 cavillatus
948 1882 1006 1948 est,
1022 1892 1097 1952 rege
1118 1881 1299 1934 ostentante
1315 1871 1491 1934 exercitum
1511 1870 1609 1953 insig-

657 1973 752 2035 nibus
784 1973 898 2050 aureis,
928 1982 961 2035 et
996 1972 1156 2054 argenteis
1191 1973 1367 2047 florentem,
1402 1971 1609 2035 inducentem

656 2093 766 2137 currus
786 2093 858 2135 cum
882 2073 1029 2152 falcibus,
1043 2085 1076 2135 et
1098 2093 1172 2136 cum
1197 2073 1341 2136 curribus
1363 2073 1562 2155 elephantos,
1579 2084 1611 2136 et

656 2197 783 2240 omnem
810 2176 998 2260 equitatum,
1022 2176 1129 2254 frenis,
1154 2176 1328 2259 ephippiis,
1357 2176 1541 2253 monilibus,
1570 2195 1607 2238 ac

657 2277 797 2360 phaleris
816 2278 1067 2361 praefulgentem.
1113 2278 1219 2351 Quum
1240 2297 1315 2358 ergo
1333 2298 1391 2339 rex
1412 2278 1609 2359 contempla·

654 2380 741 2443 tione
771 2382 851 2444 tanti
881 2401 919 2444 ac
949 2391 1014 2444 tam
1045 2380 1147 2444 ornati
1178 2378 1347 2451 exercitus,
1378 2377 1608 2458 gloriabundus

655 2481 871 2545 Hannibalem
895 2483 1092 2568 aspexisset:
1116 2482 1267 2556 Putasne,
1289 2480 1406 2563 inquit,
1432 2479 1509 2543 satis
1535 2501 1607 2545 esse

653 2583 808 2647 Romanis
830 2584 901 2649 hnc
925 2583 1049 2648 omnia?
1086 2583 1181 2647 Tunc
1204 2583 1335 2657 Poenus,
1358 2582 1498 2646 illudens
1515 2582 1606 2664 igna-

653 2684 750 2762 viam,
760 2686 997 2771 imbelliamque
1012 2686 1147 2749 militum
1163 2685 1233 2769 ejus
1244 2684 1389 2768 preciose
1400 2694 1606 2748 armatorumr

652 2786 764 2865 Plane,
779 2786 896 2870 inquit,
919 2787 995 2850 satis
1017 2809 1087 2850 esse
1110 2786 1219 2862 eredo,
1243 2786 1303 2850 etsi
1327 2785 1466 2849 Romani
1488 2785 1603 2848 avaris·

652 2885 724 2947 simi
739 2886 812 2948 sint.
849 2885 974 2967 Lepide
990 2885 1132 2966 quidem,
1148 2886 1294 2960 breviter,
1312 2895 1344 2948 et
1358 2886 1482 2948 acerbe.
1520 2887 1605 2947 Nam

653 3004 710 3046 rex
727 2983 768 3046 de
787 3004 919 3045 numero
934 2984 1106 3059 exercitus,
1121 2993 1154 3045 et
1169 2982 1209 3045 de
1230 2983 1418 3046 aestimanda
1432 2984 1606 3067 aequipara·

651 3082 739 3146 tione
755 3080 934 3165 quaesierat,
944 3089 977 3144 et
990 3080 1082 3142 illum
1095 3081 1200 3163 liquet
1213 3081 1416 3164 respondisse
1433 3081 1472 3144 de
1486 3080 1604 3164 prada.

653 3182 801 3267 Denique
816 3181 844 3245 si
860 3182 949 3245 Naso
961 3203 980 3245 a
991 3181 1104 3245 militia
1115 3181 1192 3245 artis
1203 3202 1270 3246 suae
1282 3193 1378 3259 arcet,
1392 3193 1423 3246 et
1428 3182 1523 3267 jubet
1534 3203 1605 3247 esse

650 3283 761 3367 procul
768 3281 906 3368 juvenes
914 3282 1052 3346 inermes
1062 3294 1098 3346 ut
1109 3283 1229 3347 semina
1240 3295 1399 3368 comptos,
1413 3285 1486 3368 quis
1496 3285 1605 3350 eredat

651 3406 707 3448 eos
736 3384 776 3449 ad
805 3386 967 3449 robustam
996 3385 1143 3450 militiam
1175 3385 1413 3450 admittendos?
1463 3385 1607 3469 Opifices

649 3486 764 3546 artium
794 3486 987 3565 singularum
1017 3485 1051 3547 id
1081 3508 1184 3550 rerum
1220 3507 1347 3549 suarum
1383 3506 1450 3567 pras
1480 3487 1603 3549 caeteris

649 3595 774 3663 ornant,
798 3603 818 3646 a
846 3584 963 3667 quibus
993 3605 1027 3646 se
1057 3583 1164 3647 sciunt
1192 3606 1258 3666 prae
1292 3585 1416 3647 eaeteris
1445 3583 1604 3646 honorari.
1706 3576 1711 3585 '

650 3688 749 3754 Unde
769 3687 872 3770 liquet
892 3686 1010 3749 milites
1032 3696 1178 3768 oportere
1205 3687 1311 3764 armis,
1337 3707 1433 3770 quam
1460 3686 1603 3750 vestibus

648 3789 816 3855 nitidiores
838 3808 916 3850 esse.
962 3788 1117 3851 AEneasa
1137 3786 1247 3868 digitis
1267 3807 1411 3867 gemmas
1428 3787 1469 3850 ad
1484 3808 1605 3864 ensem,

648 3891 742 3955 Virro
771 3887 813 3952 ad
842 3888 961 3972 pocula
988 3888 1106 3968 legitur
1135 3888 1345 3952 transtulisse.
1395 3885 1628 3953 Machabaeos·

648 4013 779 4081 quoque
816 4000 941 4055 constat
970 3991 1104 4076 clypeos
1136 3991 1311 4066 inaurasse,
1341 3999 1375 4054 et
1408 4011 1452 4055 ex
1479 3990 1603 4069 fulgore

648 4117 758 4163 eorum
772 4094 992 4158 fortitudinem
1009 4094 1153 4177 gentium
1170 4094 1367 4179 dissipatam.
1412 4095 1481 4156 Eos
1496 4103 1602 4156 tamen

648 4197 801 4262 credibile
824 4205 874 4260 est
887 4205 973 4258 veste
990 4195 1151 4258 communi
1167 4195 1266 4258 fuisse
1287 4205 1466 4258 contentos.
1511 4192 1604 4256 Nihil

648 4298 798 4383 estquod
815 4297 921 4362 minus
936 4295 1052 4360 deceat
1067 4296 1324 4379 militem,·quam
1347 4295 1453 4359 cultus
1470 4293 1605 4372 mollior,

648 4406 681 4460 et
695 4398 818 4462 delicias
835 4398 970 4462 restium
986 4396 1165 4482 exquisitae,
1177 4396 1237 4460 nisi
1250 4396 1330 4459 sorte
1346 4416 1419 4459 cum
1435 4394 1602 4459 Thrasone
