4084 5634
638 814 698 872 136
884 825 1022 872 rosuurs
1038 825 1320 872 saansnnarnnsrs
1434 811 1516 890 [ιω.
1532 831 1599 875 v11.·

637 981 728 1065 quasi
743 981 858 1042 mentis
872 978 955 1061 pede
971 980 1145 1042 calcantur.
1184 977 1249 1042 Sed
1268 981 1340 1063 quis
1358 990 1417 1059 est,
1433 982 1490 1064 qui
1508 981 1591 1046 hanc

636 1080 767 1144 arduam
794 1079 878 1143 viam
904 1080 954 1141 vel
982 1080 1097 1142 intrare
1123 1077 1296 1163 disponat?
1331 1082 1489 1164 Angelum
1514 1080 1594 1146 forte

637 1182 709 1266 quis
731 1181 924 1263 aggreditur,
945 1193 1000 1244 ant
1023 1181 1107 1264 quis,
1128 1181 1156 1243 si
1177 1180 1371 1263 aggreditur,
1389 1184 1593 1266 perseverat?

637 1284 708 1346 Nec
725 1293 832 1346 tamen
847 1282 917 1345 sine
934 1281 1118 1344 discrimine
1137 1281 1341 1363 colluctandi,
1355 1280 1481 1346 videtur
1495 1285 1594 1347 facies

637 1382 786 1455 veritatis,
803 1396 834 1447 et
853 1383 916 1446 nisi
936 1383 1089 1466 pauperis
1110 1383 1201 1445 exilii
1220 1383 1400 1448 amaritudo
1421 1385 1592 1466 praecedat,

638 1486 791 1549 Rachelis
811 1494 845 1548 et
866 1485 933 1548 Liae
952 1484 1137 1569 conjugatio
1159 1505 1224 1546 non
1248 1484 1415 1564 dulcescit,
1437 1507 1497 1550 nec
1520 1507 1592 1550 suc·

636 1585 752 1650 crescit
771 1587 901 1649 soboles
920 1605 1100 1662 numerosa,
1114 1583 1178 1649 nisi
1197 1585 1230 1647 in
1248 1585 1371 1650 virtutis
1392 1588 1508 1651 baculo
1522 1583 1593 1650 Jor-

636 1687 751 1750 danem
780 1688 955 1750 labentium
982 1686 1122 1750 solitudo
1154 1688 1323 1766 transierit,
1348 1698 1380 1751 et
1404 1691 1437 1752 in
1468 1690 1594 1754 duabus

637 1787 749 1851 turmis
760 1787 970 1870 spiritualium
982 1799 1014 1850 et
1024 1789 1237 1870 corporalium
1248 1772 1404 1853 bonorum
1416 1790 1449 1852 in
1459 1790 1595 1875 patriam

637 1887 728 1950 dives
752 1886 937 1968 regreditur,
959 1886 1015 1969 qui
1041 1887 1137 1950 etiam
1163 1889 1247 1951 inter
1272 1902 1427 1972 cognatos
1448 1893 1537 1968 exul,
1559 1891 1592 1953 in

636 2010 724 2074 purae
740 1988 1018 2070 contemplationis
1033 1999 1171 2053 atrectae
1186 1991 1383 2073 operationis
1398 1993 1506 2056 labore
1522 1992 1593 2055 diu·

637 2092 700 2153 tins
714 2088 849 2153 sudavit.
880 2089 943 2161 Qui
960 2110 1034 2153 vero
1055 2091 1118 2153 alia
1133 2091 1184 2153 via
1201 2091 1421 2174 philosophari
1436 2094 1592 2171 nituntur,

637 2204 751 2268 emant,
777 2201 809 2254 et
837 2203 968 2272 urgente
998 2192 1081 2255 farne
1110 2193 1322 2275 primogenita
1353 2193 1536 2271 distrahent,
1563 2196 1590 2256 si

637 2293 743 2354 tamen
758 2289 937 2352 invenerint
954 2309 1151 2369 germanum,
1166 2290 1221 2372 qui
1237 2290 1286 2352 vel
1305 2290 1490 2353 lenticulam
1506 2293 1590 2375 sapi·

636 2392 742 2465 entiae,
765 2391 864 2476 precii
885 2391 1015 2454 nomine
1038 2391 1196 2471 largiatur.
1235 2391 1297 2454 Est
1316 2391 1414 2465 enim,
1437 2401 1474 2454 ut
1494 2392 1592 2454 fertur
1668 2397 1678 2410 ‘

637 2491 758 2555 dixisse
781 2492 975 2574 Aristippus,
994 2490 1159 2573 indulgere
1182 2489 1277 2565 vitiis,
1294 2511 1313 2553 a
1334 2490 1465 2573 legendi
1483 2490 1591 2556 studio

637 2605 821 2678 temperare.

767 2849 849 2928 Cap.
868 2851 916 2909 14.
940 2847 992 2907 De
1006 2848 1136 2926 septima
1153 2848 1241 2909 clave
1255 2848 1459 2910 discentium.
1521 2861 1523 2866 “

681 2980 721 3040 ΙΝ
737 2978 818 3040 libro
830 2976 1020 3048 Quintiliani
1032 2976 1072 3036 de
1086 2977 1286 3039 institutione
1298 2978 1443 3055 oratoris,
1454 2981 1590 3063 septima

638 3077 827 3142 discentium
843 3076 939 3139 claris
954 3075 1092 3157 ponitur,
1107 3095 1195 3137 arnor
1215 3074 1410 3156 docentium,
1425 3101 1612 3180 an

638 3189 783 3262 ceptores
805 3186 841 3239 ut
883 3185 1006 3238 arentes
1026 3174 1251 3264 amarJdQQt
1268 3186 1301 3239 et
1322 3177 1461 3241 colendi.
1499 3181 1591 3245 Sicut

632 3195 1103 3362 zn‘m‘r‘rlll‘co'dpffrffiisa‘et
1120 3275 1173 3340 isti
1191 3277 1321 3361 quidem
1339 3291 1415 3344 sunt
1432 3282 1591 3364 genitores

637 3384 825 3456 animorum,
844 3400 909 3442 non
929 3377 1057 3462 quidem
1078 3379 1119 3442 de
1139 3400 1173 3443 se
1196 3380 1362 3463 sapientire
1381 3383 1590 3468 propagando

638 3483 858 3557 substantiam,
868 3479 925 3542 sed
938 3480 1030 3562 quasi
1042 3481 1231 3562 sapientiam
1244 3481 1277 3544 in
1290 3481 1469 3546 auditorum
1480 3487 1592 3548 menti-

640 3563 698 3645 bus
713 3581 859 3663 gignunt,
871 3581 904 3641 in
920 3580 1035 3642 melius
1050 3581 1251 3646 reformando
1265 3595 1421 3647 naturam.
1459 3586 1504 3648 Et
1519 3586 1589 3648 hac

639 3680 768 3765 quidem
779 3681 894 3764 pietas,
902 3679 1008 3742 studio
1019 3681 1189 3763 plurimum
1198 3685 1329 3747 confert.
1357 3680 1440 3749 Nam
1448 3687 1591 3750 etliben-

638 3795 686 3846 ter
700 3781 844 3859 audiunt,
859 3798 941 3864 quos
956 3793 1074 3858 amant,
1088 3793 1121 3845 et
1136 3782 1232 3847 dictis
1247 3785 1393 3861 credunt,
1409 3799 1441 3850 ct
1459 3787 1506 3850 eia
1521 3808 1589 3851 esse

637 3885 758 3948 similes
774 3882 1021 3966 concupiscunt,
1036 3895 1068 3947 et
1091 3885 1145 3968 pio
1161 3886 1295 3949 iaciente
1310 3887 1435 3965 affectu,
1450 3889 1483 3950 in
1499 3890 1588 3972 ipsos

637 3996 741 4052 coetua
752 3985 945 4049 scholarium
957 3986 1023 4048 laeti
1035 3987 1219 4069 alacresque
1231 3987 1434 4052 conveniunt.
1467 3989 1585 4053 Emen-

638 4088 704 4151 dati
719 4108 783 4149 non
797 4086 985 4159 irascuntur,
999 4084 1120 4148 laudati
1135 4104 1199 4146 non
1215 4086 1417 4164 erubescunt,
1428 4101 1463 4151 ut
1477 4089 1541 4153 sint
1555 4104 1588 4154 et

637 4189 700 4272 ipsi
715 4187 871 4251 carissimi
886 4185 992 4250 studio
1008 4187 1223 4248 merebuntur.
1270 4187 1354 4249 Nam
1369 4201 1405 4251 ut
1420 4187 1585 4255 doctorum

637 4291 776 4352 officium
793 4301 841 4351 est
856 4287 982 4364 docere,
994 4286 1041 4348 sic
1057 4284 1238 4348 auditorum
1254 4307 1287 4349 se
1303 4290 1444 4370 praebere
1456 4292 1585 4357 dociles.

638 4393 789 4474 Alioquin
815 4401 960 4455 neutrum
992 4388 1063 4452 sine
1091 4389 1190 4452 altero
1220 4389 1345 4454 sufficit.
1391 4394 1475 4459 Nam
1506 4397 1589 4461 sicut
