4084 5634
387 446 591 571 ΜΜ
673 297 1241 646 popponem
1275 328 1581 523 §tama

518 845 580 906 116
776 855 913 902 romara
928 854 1209 901 sanasaamensrs
1314 837 1397 917 [arn.
1414 856 1469 899 vn.

510 1011 541 1073 in
558 1009 604 1073 eis
620 1007 764 1086 ridenda,
781 1007 1024 1086 contemnenda,
1044 1017 1076 1070 et
1091 1006 1279 1071 detestanda
1294 1006 1471 1070 conscribe-

514 1125 573 1176 ret.
620 1112 726 1188 Quum
743 1133 820 1195 ergo
841 1109 900 1173 viri
917 1109 1100 1189 acutissimi,
1116 1124 1147 1175 ct
1170 1110 1237 1172 sine
1258 1108 1323 1173 ulla
1343 1107 1471 1171 dubita-

516 1211 613 1290 tione,
638 1212 790 1274 Cicerone
808 1222 902 1286 teste,
926 1207 1112 1290 doctissimi,
1137 1209 1322 1296 superstitio
1344 1207 1471 1292 scriptis

515 1312 652 1398 propriis
667 1334 735 1375 eam
752 1311 1012 1377 convincentibus
1032 1327 1197 1396 arguatur,
1213 1320 1399 1395 constetque
1419 1332 1470 1372 su-

515 1414 734 1500 perstitionem
757 1412 906 1477 salsitatis
929 1413 1016 1490 sitio,
1040 1414 1249 1498 virtuti,quoe
1269 1412 1301 1475 in
1327 1413 1392 1474 sola
1418 1433 1470 1473 ve-

514 1519 612 1581 ritate
642 1513 797 1592 consistit,
819 1537 887 1578 esse
910 1515 1102 1601 oppositam,
1132 1530 1164 1580 et
1193 1513 1378 1600 sapientiam
1402 1515 1469 1576 sine

514 1616 635 1680 virtute
651 1639 719 1680 esse
734 1635 796 1677 non
808 1635 912 1698 posse,
928 1615 1055 1702 quises
1070 1615 1137 1679 sola
1150 1618 1295 1694 lectione,
1310 1613 1370 1677 nisi
1384 1613 1469 1678 adsit

516 1720 621 1802 gratia
642 1715 844 1796 illustratrix,
858 1718 1005 1792 creatrix,
1022 1716 1278 1803 vivificatrixque
1302 1721 1470 1796 virtutum,

519 1821 626 1884 credat
643 1843 733 1905 posse
748 1816 815 1881 fieri
831 1817 989 1884 hominem
1006 1817 1206 1904 sapientem?

516 1993 595 2077 Cap.
607 1992 657 2055 10.
677 1993 1224 2076 Omneascripturasesselegendos:
1243 1991 1469 2057 eldeberredr‘a-

558 2096 644 2156 tione
658 2115 729 2174 quae
742 2095 932 2176 primigenis
942 2094 1021 2156 doto
1036 2101 1092 2166 est,
1109 2093 1327 2176 etfiliisNoe:
1343 2101 1374 2157 et
1385 2095 1470 2175 quod

553 2196 676 2256 rationi
690 2196 867 2256 auctoritas
882 2195 1008 2257 nullius
1019 2197 1192 2275 pontillum
1203 2196 1408 2277 praejudicet.

558 2311 680 2374 Oamrrs
693 2327 797 2373 tamen
811 2311 983 2397 scripturas
996 2310 1145 2396 legendas
1157 2335 1223 2375 esse
1233 2311 1467 2421 Qst,

516 2411 576 2475 nisi
593 2411 654 2474 sint
678 2412 859 2497 reprobatae
875 2411 1028 2488 lectionis,
1044 2435 1144 2499 quum
1165 2413 1270 2476 omnia
1285 2435 1347 2476 non
1370 2415 1465 2477 modo

514 2533 590 2596 quae
606 2509 732 2597 scripta,
749 2511 803 2574 sed
820 2512 914 2576 etiam
933 2513 1106 2597 quaefacta
1129 2530 1213 2586 sunt.
1230 2513 1271 2578 ad
1295 2513 1464 2579 utilitatem

515 2612 663 2690 hominis,
684 2615 757 2678 licet
781 2611 825 2678 eis
850 2614 1005 2679 abutatur
1030 2615 1203 2690 interdum,
1228 2614 1375 2680 instituta
1400 2639 1465 2679 cre-

511 2714 641 2779 dantur.
677 2715 758 2778 Nam
770 2729 801 2780 et
813 2715 915 2801 angeli
928 2715 1164 2803 quodammodo
1176 2731 1306 2803 propter
1315 2717 1464 2795 animam,

510 2829 542 2880 et
559 2814 698 2879 mundus
713 2838 894 2902 corporeus,
910 2816 1083 2880 secundum
1101 2818 1304 2883 assertionem
1324 2828 1464 2904 patrum,

512 2916 552 2979 ad
569 2917 707 3003 corporis
722 2940 815 2981 usum
832 2918 998 2982 institutus
1013 2932 1069 2984 est.
1118 2919 1172 2983 Ab
1194 2919 1285 2983 initio
1300 2919 1462 2983 benedixit

512 3020 602 3081 Deus
624 3017 758 3093 homini,
774 3019 899 3083 dicens:
932 3021 1073 3086 Crescite
1095 3035 1126 3086 et
1150 3020 1413 3108 multiplicamini,
1429 3035 1461 3086 et

513 3117 632 3203 replete
654 3133 781 3200 terram,
796 3135 828 3186 et
851 3121 999 3206 subjicite
1021 3145 1102 3199 eam,
1119 3137 1150 3188 et
1172 3122 1378 3186 dominamini
1400 3123 1463 3208 pis-

511 3223 604 3286 cibus
628 3221 733 3296 maris,
749 3235 780 3285 et
796 3223 977 3286 volatilibus
992 3223 1075 3299 coeli,
1091 3237 1123 3289 et
1147 3223 1300 3287 universis
1321 3223 1462 3287 animan-

511 3324 598 3389 tibus
613 3347 686 3411 quae
701 3338 868 3388 moventur
883 3347 979 3411 super
995 3338 1122 3388 terram.
1169 3328 1214 3388 Et
1228 3324 1381 3411 adjiciens
1395 3347 1463 3388 om-

510 3449 581 3490 nem
602 3427 732 3491 herbam
755 3425 936 3492 afferontem
961 3448 1078 3500 semen,
1094 3441 1125 3491 et
1151 3424 1298 3492 universa
1320 3426 1406 3512 ligna
1427 3427 1459 3490 in

507 3552 565 3594 usu
582 3551 641 3593 suo
658 3529 740 3604 (nam
756 3550 775 3590 a
789 3528 892 3591 carnis
913 3527 1031 3604 edulio,
1048 3541 1123 3593 ante
1145 3526 1302 3591 diluvium
1325 3527 1460 3591 credun-

507 3643 561 3694 tur
576 3627 775 3709 abstinuisse)
791 3629 942 3693 concessit
962 3629 1007 3692 eis
1029 3628 1060 3692 in
1081 3629 1198 3692 cibum.
1245 3628 1314 3692 lllis
1328 3648 1459 3715 quoque
1510 3713 1513 3718 Ι

505 3752 588 3814 quos
612 3752 631 3791 a
658 3741 746 3812 peste
776 3727 888 3791 diluvii
919 3752 1002 3805 arca,
1031 3729 1266 3814 praefiguratrix
1294 3729 1457 3806 Ecclesiae,

503 3830 703 3905 liberaverat,
716 3829 928 3907 benedixit,et
943 3831 1042 3915 legem
1055 3832 1156 3908 dedit,
1169 3831 1296 3896 dicens:
1319 3832 1459 3897 Crescite

503 3946 535 3997 et
546 3928 812 4017 multiplicamini,
825 3944 858 3994 et
869 3931 989 4016 replete
1002 3946 1130 4008 terram,
1143 3947 1175 3997 et
1188 3947 1290 3996 terror
1306 3943 1407 3996 vester
1422 3956 1458 3996 ac

502 4049 622 4099 tremor
638 4033 677 4097 sit
691 4053 785 4116 snper
796 4047 911 4097 cuncta
920 4033 1068 4098 animalia
1084 4048 1188 4116 terrae,
1200 4048 1231 4100 et
1244 4057 1339 4120 super
1351 4056 1459 4099 omnes

499 4137 644 4201 volucres
659 4135 742 4211 coeli,
759 4158 832 4198 curn
849 4135 1003 4198 universis
1018 4159 1093 4221 quae
1119 4151 1287 4202 moventur
1302 4136 1333 4198 in
1351 4152 1455 4200 terra:
1540 4178 1544 4186 -

499 4261 607 4301 omnes
623 4238 723 4322 pisces
739 4238 835 4299 maris
851 4236 958 4299 manui
971 4250 1084 4301 vestrae
1101 4237 1210 4302 traditi
1221 4253 1308 4316 sunt,
1319 4251 1351 4301 et
1362 4259 1456 4300 omne

500 4341 587 4424 quod
621 4350 768 4403 movetur
790 4352 821 4403 et
845 4337 935 4418 vivit,
958 4340 1018 4402 erit
1049 4341 1139 4404 vobis
1161 4341 1193 4403 in
1216 4339 1333 4406 cibum.
1358 4339 1457 4417 Quasi

498 4442 583 4504 olera
616 4442 751 4506 virentia
783 4439 901 4505 tradidi
933 4439 1021 4505 vobis
1051 4442 1168 4523 omnia,
1198 4455 1333 4529 excepto
1370 4441 1458 4527 quod
