<?xml version="1.0" encoding="UTF-8"?>
<!DOCTYPE html PUBLIC "-//W3C//DTD XHTML 1.0 Transitional//EN"
    "http://www.w3.org/TR/xhtml1/DTD/xhtml1-transitional.dtd">
<html xmlns="http://www.w3.org/1999/xhtml" xml:lang="en" lang="en">
 <head>
  <title>
</title>
<meta http-equiv="Content-Type" content="text/html;charset=utf-8" />
  <meta name='ocr-system' content='tesseract 3.04.00' />
  <meta name='ocr-capabilities' content='ocr_page ocr_carea ocr_par ocr_line ocrx_word'/>
</head>
<body>
  <div class='ocr_page' id='page_1' title='image "./joannissaresber07johngoog_0035.png"; bbox 0 0 4084 5634; ppageno 0'>
   <div class='ocr_carea' id='block_1_1' title="bbox 477 811 1428 892">
    <p class='ocr_par' dir='ltr' id='par_1_1' title="bbox 477 811 1428 892">
     <span class='ocr_line' id='line_1_1' title="bbox 477 811 1428 892; baseline 0.001 -15"><span class='ocrx_word' id='word_1_1' title='bbox 477 832 551 877; x_wconf 76' lang='lat' dir='ltr'><strong>car.</strong></span> <span class='ocrx_word' id='word_1_2' title='bbox 566 811 641 892; x_wconf 78' lang='lat' dir='ltr'><strong>rm]</strong></span> <span class='ocrx_word' id='word_1_3' title='bbox 825 830 1080 877; x_wconf 80' lang='lat' dir='ltr'><strong>rorrcaarrcns.</strong></span> <span class='ocrx_word' id='word_1_4' title='bbox 1157 836 1159 841; x_wconf 52' lang='lat'><strong>⁴</strong></span> <span class='ocrx_word' id='word_1_5' title='bbox 1387 819 1428 878; x_wconf 75' lang='lat'><strong>27</strong></span> 
     </span>
    </p>
   </div>
   <div class='ocr_carea' id='block_1_2' title="bbox 474 983 1430 1871">
    <p class='ocr_par' dir='ltr' id='par_1_2' title="bbox 474 983 1430 1871">
     <span class='ocr_line' id='line_1_2' title="bbox 476 983 1430 1068; baseline 0.001 -20"><span class='ocrx_word' id='word_1_6' title='bbox 476 995 676 1068; x_wconf 77' lang='lat' dir='ltr'><strong>oppugnaret</strong></span> <span class='ocrx_word' id='word_1_7' title='bbox 686 983 903 1062; x_wconf 78' lang='lat' dir='ltr'>Mithridates,</span> <span class='ocrx_word' id='word_1_8' title='bbox 914 985 1060 1066; x_wconf 80' lang='lat' dir='ltr'><strong>captivos</strong></span> <span class='ocrx_word' id='word_1_9' title='bbox 1075 984 1144 1067; x_wconf 89' lang='lat' dir='ltr'><strong>ejus</strong></span> <span class='ocrx_word' id='word_1_10' title='bbox 1159 985 1248 1048; x_wconf 90' lang='lat' dir='ltr'><strong>urbis</strong></span> <span class='ocrx_word' id='word_1_11' title='bbox 1263 985 1430 1067; x_wconf 88' lang='lat' dir='ltr'><strong>produxit,</strong></span> 
     </span>
     <span class='ocr_line' id='line_1_3' title="bbox 475 1085 1428 1171; baseline 0.001 -21"><span class='ocrx_word' id='word_1_12' title='bbox 475 1086 676 1171; x_wconf 76' lang='lat' dir='ltr'><strong>ostenditque</strong></span> <span class='ocrx_word' id='word_1_13' title='bbox 699 1085 851 1165; x_wconf 82' lang='lat' dir='ltr'><strong>obsessis,</strong></span> <span class='ocrx_word' id='word_1_14' title='bbox 873 1088 1042 1151; x_wconf 84' lang='lat' dir='ltr'><strong>arbitratus</strong></span> <span class='ocrx_word' id='word_1_15' title='bbox 1066 1088 1215 1164; x_wconf 85' lang='lat' dir='ltr'><strong>suturam,</strong></span> <span class='ocrx_word' id='word_1_16' title='bbox 1237 1098 1274 1150; x_wconf 93' lang='lat' dir='ltr'><strong>ut</strong></span> <span class='ocrx_word' id='word_1_17' title='bbox 1296 1088 1428 1152; x_wconf 86' lang='lat' dir='ltr'><strong>misera·</strong></span> 
     </span>
     <span class='ocr_line' id='line_1_4' title="bbox 475 1187 1426 1273; baseline 0.003 -22"><span class='ocrx_word' id='word_1_18' title='bbox 475 1189 563 1252; x_wconf 90' lang='lat' dir='ltr'><strong>tione</strong></span> <span class='ocrx_word' id='word_1_19' title='bbox 579 1208 706 1251; x_wconf 89' lang='lat' dir='ltr'><strong>suorum</strong></span> <span class='ocrx_word' id='word_1_20' title='bbox 728 1187 769 1251; x_wconf 89' lang='lat' dir='ltr'><strong>ad</strong></span> <span class='ocrx_word' id='word_1_21' title='bbox 790 1187 989 1252; x_wconf 90' lang='lat' dir='ltr'><strong>deditionem</strong></span> <span class='ocrx_word' id='word_1_22' title='bbox 1013 1189 1220 1271; x_wconf 90' lang='lat' dir='ltr'><strong>compelleret</strong></span> <span class='ocrx_word' id='word_1_23' title='bbox 1235 1188 1426 1273; x_wconf 89' lang='lat' dir='ltr'><strong>oppidanos.</strong></span> 
     </span>
     <span class='ocr_line' id='line_1_5' title="bbox 476 1288 1428 1372; baseline 0 -19"><span class='ocrx_word' id='word_1_24' title='bbox 476 1292 517 1353; x_wconf 80' lang='lat' dir='ltr'><strong>At</strong></span> <span class='ocrx_word' id='word_1_25' title='bbox 544 1290 593 1353; x_wconf 91' lang='lat' dir='ltr'><strong>illi</strong></span> <span class='ocrx_word' id='word_1_26' title='bbox 623 1289 780 1354; x_wconf 86' lang='lat' dir='ltr'><strong>cohortati</strong></span> <span class='ocrx_word' id='word_1_27' title='bbox 812 1290 955 1372; x_wconf 75' lang='lat' dir='ltr'><strong>captivos</strong></span> <span class='ocrx_word' id='word_1_28' title='bbox 985 1288 1027 1352; x_wconf 90' lang='lat' dir='ltr'><strong>ad</strong></span> <span class='ocrx_word' id='word_1_29' title='bbox 1057 1300 1190 1352; x_wconf 85' lang='lat' dir='ltr'><strong>mortem</strong></span> <span class='ocrx_word' id='word_1_30' title='bbox 1222 1290 1342 1353; x_wconf 88' lang='lat' dir='ltr'><strong>sortiter</strong></span> <span class='ocrx_word' id='word_1_31' title='bbox 1370 1312 1428 1354; x_wconf 85' lang='lat' dir='ltr'><strong>ex·</strong></span> 
     </span>
     <span class='ocr_line' id='line_1_6' title="bbox 474 1389 1428 1474; baseline 0.002 -19"><span class='ocrx_word' id='word_1_32' title='bbox 474 1389 669 1474; x_wconf 91' lang='lat' dir='ltr'><strong>cipiendam,</strong></span> <span class='ocrx_word' id='word_1_33' title='bbox 683 1390 780 1454; x_wconf 88' lang='lat' dir='ltr'><strong>fidem</strong></span> <span class='ocrx_word' id='word_1_34' title='bbox 797 1412 957 1454; x_wconf 84' lang='lat' dir='ltr'><strong>servavere</strong></span> <span class='ocrx_word' id='word_1_35' title='bbox 972 1391 1139 1454; x_wconf 89' lang='lat' dir='ltr'><strong>Romanis.</strong></span> <span class='ocrx_word' id='word_1_36' title='bbox 1184 1391 1428 1472; x_wconf 82' lang='lat' dir='ltr'><strong>Egioriuenses,</strong></span> 
     </span>
     <span class='ocr_line' id='line_1_7' title="bbox 475 1490 1428 1575; baseline -0.001 -20"><span class='ocrx_word' id='word_1_37' title='bbox 475 1513 575 1575; x_wconf 92' lang='lat' dir='ltr'><strong>quum</strong></span> <span class='ocrx_word' id='word_1_38' title='bbox 598 1512 617 1555; x_wconf 89' lang='lat' dir='ltr'><strong>a</strong></span> <span class='ocrx_word' id='word_1_39' title='bbox 638 1493 768 1555; x_wconf 88' lang='lat' dir='ltr'><strong>Juriaco</strong></span> <span class='ocrx_word' id='word_1_40' title='bbox 793 1492 844 1555; x_wconf 87' lang='lat' dir='ltr'><strong>his</strong></span> <span class='ocrx_word' id='word_1_41' title='bbox 866 1492 957 1554; x_wconf 91' lang='lat' dir='ltr'><strong>liberi</strong></span> <span class='ocrx_word' id='word_1_42' title='bbox 981 1502 1013 1555; x_wconf 90' lang='lat' dir='ltr'><strong>et</strong></span> <span class='ocrx_word' id='word_1_43' title='bbox 1035 1490 1190 1574; x_wconf 88' lang='lat' dir='ltr'><strong>conjuges</strong></span> <span class='ocrx_word' id='word_1_44' title='bbox 1213 1491 1428 1571; x_wconf 84' lang='lat' dir='ltr'><strong>redderentur,</strong></span> 
     </span>
     <span class='ocr_line' id='line_1_8' title="bbox 474 1592 1429 1679; baseline 0 -21"><span class='ocrx_word' id='word_1_45' title='bbox 474 1605 731 1679; x_wconf 71' lang='lat' dir='ltr'><strong>praeoptaverunt</strong></span> <span class='ocrx_word' id='word_1_46' title='bbox 754 1606 899 1677; x_wconf 83' lang='lat' dir='ltr'><strong>spectare</strong></span> <span class='ocrx_word' id='word_1_47' title='bbox 920 1592 1081 1675; x_wconf 88' lang='lat' dir='ltr'><strong>supplicia</strong></span> <span class='ocrx_word' id='word_1_48' title='bbox 1098 1592 1268 1674; x_wconf 86' lang='lat' dir='ltr'><strong>pignorum</strong></span> <span class='ocrx_word' id='word_1_49' title='bbox 1288 1613 1429 1675; x_wconf 88' lang='lat' dir='ltr'><strong>suorum,</strong></span> 
     </span>
     <span class='ocr_line' id='line_1_9' title="bbox 476 1691 1430 1781; baseline 0 -23"><span class='ocrx_word' id='word_1_50' title='bbox 476 1716 571 1779; x_wconf 86' lang='lat' dir='ltr'><strong>quam</strong></span> <span class='ocrx_word' id='word_1_51' title='bbox 584 1695 768 1758; x_wconf 89' lang='lat' dir='ltr'><strong>aRomanis</strong></span> <span class='ocrx_word' id='word_1_52' title='bbox 780 1693 928 1756; x_wconf 86' lang='lat' dir='ltr'><strong>deficere.</strong></span> <span class='ocrx_word' id='word_1_53' title='bbox 967 1691 1156 1755; x_wconf 82' lang='lat' dir='ltr'><strong>Numantini</strong></span> <span class='ocrx_word' id='word_1_54' title='bbox 1167 1713 1207 1754; x_wconf 90' lang='lat' dir='ltr'><strong>ne</strong></span> <span class='ocrx_word' id='word_1_55' title='bbox 1219 1713 1252 1754; x_wconf 90' lang='lat' dir='ltr'><strong>se</strong></span> <span class='ocrx_word' id='word_1_56' title='bbox 1266 1691 1430 1781; x_wconf 83' lang='lat' dir='ltr'><strong>dederent,</strong></span> 
     </span>
     <span class='ocr_line' id='line_1_10' title="bbox 475 1787 1430 1871; baseline -0.001 -17"><span class='ocrx_word' id='word_1_57' title='bbox 475 1791 560 1855; x_wconf 87' lang='lat' dir='ltr'><strong>same</strong></span> <span class='ocrx_word' id='word_1_58' title='bbox 582 1791 665 1852; x_wconf 91' lang='lat' dir='ltr'><strong>mori</strong></span> <span class='ocrx_word' id='word_1_59' title='bbox 694 1788 839 1871; x_wconf 82' lang='lat' dir='ltr'><strong>praefixis</strong></span> <span class='ocrx_word' id='word_1_60' title='bbox 861 1788 980 1851; x_wconf 79' lang='lat' dir='ltr'><strong>foribus</strong></span> <span class='ocrx_word' id='word_1_61' title='bbox 1003 1787 1156 1851; x_wconf 89' lang='lat' dir='ltr'><strong>domuum</strong></span> <span class='ocrx_word' id='word_1_62' title='bbox 1180 1809 1306 1851; x_wconf 91' lang='lat' dir='ltr'><strong>suarum</strong></span> <span class='ocrx_word' id='word_1_63' title='bbox 1329 1791 1430 1854; x_wconf 88' lang='lat' dir='ltr'><strong>malu-</strong></span> 
     </span>
    </p>
   </div>
   <div class='ocr_carea' id='block_1_3' title="bbox 478 1890 1429 2076">
    <p class='ocr_par' dir='ltr' id='par_1_3' title="bbox 478 1890 1429 2076">
     <span class='ocr_line' id='line_1_11' title="bbox 479 1890 1429 1973; baseline -0.002 -18"><span class='ocrx_word' id='word_1_64' title='bbox 479 1901 585 1968; x_wconf 88' lang='lat' dir='ltr'><strong>erunt,</strong></span> <span class='ocrx_word' id='word_1_65' title='bbox 598 1890 815 1973; x_wconf 83' lang='lat' dir='ltr'><strong>vicissentque</strong></span> <span class='ocrx_word' id='word_1_66' title='bbox 828 1890 1003 1967; x_wconf 88' lang='lat' dir='ltr'><strong>Romanos,</strong></span> <span class='ocrx_word' id='word_1_67' title='bbox 1019 1901 1148 1954; x_wconf 82' lang='lat' dir='ltr'><strong>auctore</strong></span> <span class='ocrx_word' id='word_1_68' title='bbox 1166 1890 1290 1965; x_wconf 88' lang='lat' dir='ltr'><strong>Orosio,</strong></span> <span class='ocrx_word' id='word_1_69' title='bbox 1307 1891 1367 1954; x_wconf 85' lang='lat' dir='ltr'><strong>nisi</strong></span> <span class='ocrx_word' id='word_1_70' title='bbox 1382 1892 1429 1954; x_wconf 84' lang='lat' dir='ltr'><strong>iili</strong></span> 
     </span>
     <span class='ocr_line' id='line_1_12' title="bbox 478 1991 932 2076; baseline 0.002 -22"><span class='ocrx_word' id='word_1_71' title='bbox 478 1992 539 2055; x_wconf 85' lang='lat' dir='ltr'><strong>sub</strong></span> <span class='ocrx_word' id='word_1_72' title='bbox 556 1991 710 2075; x_wconf 88' lang='lat' dir='ltr'><strong>Scipione</strong></span> <span class='ocrx_word' id='word_1_73' title='bbox 726 2001 932 2076; x_wconf 81' lang='lat' dir='ltr'><strong>pugnassent.</strong></span> 
     </span>
    </p>
   </div>
   <div class='ocr_carea' id='block_1_4' title="bbox 478 2322 1431 2708">
    <p class='ocr_par' dir='ltr' id='par_1_4' title="bbox 478 2322 1431 2708">
     <span class='ocr_line' id='line_1_13' title="bbox 478 2322 1431 2407; baseline -0.001 -21"><span class='ocrx_word' id='word_1_74' title='bbox 478 2322 558 2407; x_wconf 85' lang='lat' dir='ltr'><strong>Cap.</strong></span> <span class='ocrx_word' id='word_1_75' title='bbox 583 2325 632 2385; x_wconf 73' lang='lat'><strong>12.</strong></span> <span class='ocrx_word' id='word_1_76' title='bbox 657 2322 751 2390; x_wconf 84' lang='lat' dir='ltr'><strong>Quod</strong></span> <span class='ocrx_word' id='word_1_77' title='bbox 770 2323 864 2386; x_wconf 84' lang='lat' dir='ltr'><strong>ouria</strong></span> <span class='ocrx_word' id='word_1_78' title='bbox 883 2323 1122 2385; x_wconf 81' lang='lat' dir='ltr'><strong>animaduersio</strong></span> <span class='ocrx_word' id='word_1_79' title='bbox 1136 2324 1289 2407; x_wconf 79' lang='lat' dir='ltr'><strong>procedit</strong></span> <span class='ocrx_word' id='word_1_80' title='bbox 1312 2325 1348 2386; x_wconf 82' lang='lat' dir='ltr'><strong>in</strong></span> <span class='ocrx_word' id='word_1_81' title='bbox 1368 2343 1431 2396; x_wconf 81' lang='lat' dir='ltr'><strong>eor,</strong></span> 
     </span>
     <span class='ocr_line' id='line_1_14' title="bbox 521 2425 1430 2509; baseline -0.002 -21"><span class='ocrx_word' id='word_1_82' title='bbox 521 2427 578 2509; x_wconf 85' lang='lat' dir='ltr'><strong>qui</strong></span> <span class='ocrx_word' id='word_1_83' title='bbox 606 2426 684 2488; x_wconf 86' lang='lat' dir='ltr'><strong>duci</strong></span> <span class='ocrx_word' id='word_1_84' title='bbox 712 2445 777 2487; x_wconf 77' lang='lat' dir='ltr'><strong>aon</strong></span> <span class='ocrx_word' id='word_1_85' title='bbox 808 2425 1096 2505; x_wconf 65' lang='lat' dir='ltr'><strong>obtemperanter</strong></span> <span class='ocrx_word' id='word_1_86' title='bbox 1126 2436 1287 2509; x_wconf 80' lang='lat' dir='ltr'><strong>quolenus</strong></span> <span class='ocrx_word' id='word_1_87' title='bbox 1315 2425 1430 2488; x_wconf 77' lang='lat' dir='ltr'><strong>debeat</strong></span> 
     </span>
     <span class='ocr_line' id='line_1_15' title="bbox 520 2526 1428 2609; baseline -0.001 -20"><span class='ocrx_word' id='word_1_88' title='bbox 520 2527 654 2604; x_wconf 83' lang='lat' dir='ltr'><strong>obediri,</strong></span> <span class='ocrx_word' id='word_1_89' title='bbox 668 2534 700 2589; x_wconf 89' lang='lat' dir='ltr'><strong>et</strong></span> <span class='ocrx_word' id='word_1_90' title='bbox 722 2529 759 2588; x_wconf 81' lang='lat' dir='ltr'><strong>in</strong></span> <span class='ocrx_word' id='word_1_91' title='bbox 782 2526 898 2609; x_wconf 82' lang='lat' dir='ltr'><strong>quidus</strong></span> <span class='ocrx_word' id='word_1_92' title='bbox 911 2527 1080 2589; x_wconf 81' lang='lat' dir='ltr'><strong>mandatis</strong></span> <span class='ocrx_word' id='word_1_93' title='bbox 1094 2528 1196 2590; x_wconf 82' lang='lat' dir='ltr'><strong>locum</strong></span> <span class='ocrx_word' id='word_1_94' title='bbox 1218 2527 1334 2590; x_wconf 80' lang='lat' dir='ltr'><strong>lrabeat</strong></span> <span class='ocrx_word' id='word_1_95' title='bbox 1350 2547 1428 2589; x_wconf 72' lang='lat' dir='ltr'><strong>exa·</strong></span> 
     </span>
     <span class='ocr_line' id='line_1_16' title="bbox 520 2626 1184 2708; baseline 0.002 -19"><span class='ocrx_word' id='word_1_96' title='bbox 520 2629 662 2690; x_wconf 78' lang='lat' dir='ltr'><strong>minutio</strong></span> <span class='ocrx_word' id='word_1_97' title='bbox 676 2630 857 2697; x_wconf 70' lang='lat' dir='ltr'><strong>militarior</strong></span> <span class='ocrx_word' id='word_1_98' title='bbox 879 2636 910 2690; x_wconf 85' lang='lat' dir='ltr'><strong>et</strong></span> <span class='ocrx_word' id='word_1_99' title='bbox 925 2631 960 2689; x_wconf 83' lang='lat' dir='ltr'><strong>in</strong></span> <span class='ocrx_word' id='word_1_100' title='bbox 978 2626 1094 2708; x_wconf 81' lang='lat' dir='ltr'><strong>quibus</strong></span> <span class='ocrx_word' id='word_1_101' title='bbox 1109 2648 1184 2690; x_wconf 73' lang='lat' dir='ltr'><strong>oon.</strong></span> 
     </span>
    </p>
   </div>
   <div class='ocr_carea' id='block_1_5' title="bbox 478 2807 1433 4511">
    <p class='ocr_par' dir='ltr' id='par_1_5' title="bbox 478 2807 1433 4511">
     <span class='ocr_line' id='line_1_17' title="bbox 524 2807 1433 2893; baseline 0.002 -21"><span class='ocrx_word' id='word_1_102' title='bbox 524 2811 566 2872; x_wconf 78' lang='lat' dir='ltr'><strong>Is</strong></span> <span class='ocrx_word' id='word_1_103' title='bbox 581 2830 639 2872; x_wconf 88' lang='lat' dir='ltr'><strong>eos</strong></span> <span class='ocrx_word' id='word_1_104' title='bbox 649 2829 724 2872; x_wconf 84' lang='lat' dir='ltr'><strong>vero</strong></span> <span class='ocrx_word' id='word_1_105' title='bbox 739 2809 796 2892; x_wconf 92' lang='lat' dir='ltr'><strong>qui</strong></span> <span class='ocrx_word' id='word_1_106' title='bbox 812 2807 915 2883; x_wconf 89' lang='lat' dir='ltr'><strong>ducis,</strong></span> <span class='ocrx_word' id='word_1_107' title='bbox 927 2820 981 2871; x_wconf 83' lang='lat' dir='ltr'><strong>eut</strong></span> <span class='ocrx_word' id='word_1_108' title='bbox 996 2807 1079 2889; x_wconf 90' lang='lat' dir='ltr'><strong>legis</strong></span> <span class='ocrx_word' id='word_1_109' title='bbox 1090 2829 1155 2870; x_wconf 91' lang='lat' dir='ltr'><strong>non</strong></span> <span class='ocrx_word' id='word_1_110' title='bbox 1168 2810 1433 2893; x_wconf 86' lang='lat' dir='ltr'><strong>obtemperabant</strong></span> 
     </span>
     <span class='ocr_line' id='line_1_18' title="bbox 479 2907 1431 2991; baseline 0.002 -19"><span class='ocrx_word' id='word_1_111' title='bbox 479 2909 622 2988; x_wconf 82' lang='lat' dir='ltr'><strong>arbitrio,</strong></span> <span class='ocrx_word' id='word_1_112' title='bbox 645 2909 732 2972; x_wconf 82' lang='lat' dir='ltr'><strong>varia</strong></span> <span class='ocrx_word' id='word_1_113' title='bbox 761 2907 993 2971; x_wconf 75' lang='lat' dir='ltr'><strong>animaduersio</strong></span> <span class='ocrx_word' id='word_1_114' title='bbox 1017 2907 1223 2991; x_wconf 82' lang='lat' dir='ltr'><strong>procedebat.</strong></span> <span class='ocrx_word' id='word_1_115' title='bbox 1268 2910 1350 2973; x_wconf 85' lang='lat' dir='ltr'><strong>Num</strong></span> <span class='ocrx_word' id='word_1_116' title='bbox 1376 2911 1431 2974; x_wconf 86' lang='lat' dir='ltr'><strong>alii</strong></span> 
     </span>
     <span class='ocr_line' id='line_1_19' title="bbox 478 3009 1426 3109; baseline 0.003 -36"><span class='ocrx_word' id='word_1_117' title='bbox 478 3012 510 3073; x_wconf 93' lang='lat' dir='ltr'><strong>iu</strong></span> <span class='ocrx_word' id='word_1_118' title='bbox 534 3012 668 3109; x_wconf 85' lang='lat' dir='ltr'><strong>sortuqa,</strong></span> <span class='ocrx_word' id='word_1_119' title='bbox 683 3011 738 3073; x_wconf 89' lang='lat' dir='ltr'><strong>alii</strong></span> <span class='ocrx_word' id='word_1_120' title='bbox 761 3011 794 3072; x_wconf 93' lang='lat' dir='ltr'><strong>in</strong></span> <span class='ocrx_word' id='word_1_121' title='bbox 818 3010 911 3086; x_wconf 87' lang='lat' dir='ltr'><strong>sama,</strong></span> <span class='ocrx_word' id='word_1_122' title='bbox 927 3009 981 3072; x_wconf 92' lang='lat' dir='ltr'><strong>alii</strong></span> <span class='ocrx_word' id='word_1_123' title='bbox 1002 3009 1037 3072; x_wconf 94' lang='lat' dir='ltr'><strong>in</strong></span> <span class='ocrx_word' id='word_1_124' title='bbox 1061 3010 1217 3090; x_wconf 89' lang='lat' dir='ltr'><strong>sauguine</strong></span> <span class='ocrx_word' id='word_1_125' title='bbox 1241 3011 1426 3092; x_wconf 83' lang='lat' dir='ltr'><strong>puniuntur.</strong></span> 
     </span>
     <span class='ocr_line' id='line_1_20' title="bbox 479 3112 1427 3196; baseline 0 -20"><span class='ocrx_word' id='word_1_126' title='bbox 479 3113 665 3176; x_wconf 85' lang='lat' dir='ltr'><strong>Frontinum</strong></span> <span class='ocrx_word' id='word_1_127' title='bbox 682 3113 798 3194; x_wconf 87' lang='lat' dir='ltr'><strong>relege,</strong></span> <span class='ocrx_word' id='word_1_128' title='bbox 813 3124 846 3174; x_wconf 90' lang='lat' dir='ltr'><strong>et</strong></span> <span class='ocrx_word' id='word_1_129' title='bbox 864 3132 1097 3196; x_wconf 88' lang='lat' dir='ltr'><strong>usquequaque</strong></span> <span class='ocrx_word' id='word_1_130' title='bbox 1119 3112 1163 3174; x_wconf 83' lang='lat' dir='ltr'><strong>ita</strong></span> <span class='ocrx_word' id='word_1_131' title='bbox 1181 3132 1251 3174; x_wconf 88' lang='lat' dir='ltr'><strong>esse</strong></span> <span class='ocrx_word' id='word_1_132' title='bbox 1274 3112 1427 3187; x_wconf 85' lang='lat' dir='ltr'><strong>invenies.</strong></span> 
     </span>
     <span class='ocr_line' id='line_1_21' title="bbox 480 3211 1432 3296; baseline 0.002 -19"><span class='ocrx_word' id='word_1_133' title='bbox 480 3215 564 3278; x_wconf 84' lang='lat' dir='ltr'><strong>Nem</strong></span> <span class='ocrx_word' id='word_1_134' title='bbox 586 3215 734 3277; x_wconf 87' lang='lat' dir='ltr'><strong>Aurelius</strong></span> <span class='ocrx_word' id='word_1_135' title='bbox 754 3213 850 3275; x_wconf 85' lang='lat' dir='ltr'><strong>Cotta</strong></span> <span class='ocrx_word' id='word_1_136' title='bbox 875 3214 999 3288; x_wconf 89' lang='lat' dir='ltr'><strong>consul,</strong></span> <span class='ocrx_word' id='word_1_137' title='bbox 1014 3234 1113 3296; x_wconf 93' lang='lat' dir='ltr'><strong>quum</strong></span> <span class='ocrx_word' id='word_1_138' title='bbox 1137 3211 1180 3274; x_wconf 80' lang='lat' dir='ltr'><strong>ad</strong></span> <span class='ocrx_word' id='word_1_139' title='bbox 1204 3233 1284 3294; x_wconf 88' lang='lat' dir='ltr'><strong>opus</strong></span> <span class='ocrx_word' id='word_1_140' title='bbox 1308 3216 1432 3296; x_wconf 87' lang='lat' dir='ltr'><strong>equites</strong></span> 
     </span>
     <span class='ocr_line' id='line_1_22' title="bbox 480 3311 1433 3396; baseline 0.002 -19"><span class='ocrx_word' id='word_1_141' title='bbox 480 3314 671 3377; x_wconf 85' lang='lat' dir='ltr'><strong>necessitate</strong></span> <span class='ocrx_word' id='word_1_142' title='bbox 681 3325 828 3395; x_wconf 87' lang='lat' dir='ltr'><strong>cogente,</strong></span> <span class='ocrx_word' id='word_1_143' title='bbox 836 3313 985 3395; x_wconf 86' lang='lat' dir='ltr'><strong>jussisset</strong></span> <span class='ocrx_word' id='word_1_144' title='bbox 999 3311 1166 3385; x_wconf 83' lang='lat' dir='ltr'><strong>accedere,</strong></span> <span class='ocrx_word' id='word_1_145' title='bbox 1177 3332 1349 3395; x_wconf 88' lang='lat' dir='ltr'><strong>eorumque</strong></span> <span class='ocrx_word' id='word_1_146' title='bbox 1359 3335 1433 3396; x_wconf 85' lang='lat' dir='ltr'><strong>pars</strong></span> 
     </span>
     <span class='ocr_line' id='line_1_23' title="bbox 482 3410 1433 3498; baseline 0.001 -19"><span class='ocrx_word' id='word_1_147' title='bbox 482 3415 690 3480; x_wconf 87' lang='lat' dir='ltr'><strong>detrectasset</strong></span> <span class='ocrx_word' id='word_1_148' title='bbox 703 3413 882 3498; x_wconf 90' lang='lat' dir='ltr'><strong>imperium,</strong></span> <span class='ocrx_word' id='word_1_149' title='bbox 895 3423 1027 3497; x_wconf 87' lang='lat' dir='ltr'><strong>questus</strong></span> <span class='ocrx_word' id='word_1_150' title='bbox 1042 3410 1128 3494; x_wconf 89' lang='lat' dir='ltr'><strong>apud</strong></span> <span class='ocrx_word' id='word_1_151' title='bbox 1145 3411 1303 3476; x_wconf 87' lang='lat' dir='ltr'><strong>Censores</strong></span> <span class='ocrx_word' id='word_1_152' title='bbox 1318 3416 1433 3496; x_wconf 83' lang='lat' dir='ltr'><strong>effecit,</strong></span> 
     </span>
     <span class='ocr_line' id='line_1_24' title="bbox 480 3513 1433 3601; baseline 0.002 -20"><span class='ocrx_word' id='word_1_153' title='bbox 480 3530 516 3581; x_wconf 90' lang='lat' dir='ltr'><strong>ut</strong></span> <span class='ocrx_word' id='word_1_154' title='bbox 545 3539 565 3581; x_wconf 83' lang='lat' dir='ltr'><strong>a</strong></span> <span class='ocrx_word' id='word_1_155' title='bbox 592 3517 737 3601; x_wconf 87' lang='lat' dir='ltr'><strong>patribus</strong></span> <span class='ocrx_word' id='word_1_156' title='bbox 770 3525 965 3593; x_wconf 86' lang='lat' dir='ltr'><strong>notarentur,</strong></span> <span class='ocrx_word' id='word_1_157' title='bbox 995 3513 1113 3578; x_wconf 91' lang='lat' dir='ltr'><strong>deinde</strong></span> <span class='ocrx_word' id='word_1_158' title='bbox 1148 3515 1287 3578; x_wconf 88' lang='lat' dir='ltr'><strong>obtinuit</strong></span> <span class='ocrx_word' id='word_1_159' title='bbox 1314 3538 1355 3580; x_wconf 86' lang='lat' dir='ltr'><strong>nc</strong></span> <span class='ocrx_word' id='word_1_160' title='bbox 1385 3519 1433 3583; x_wconf 85' lang='lat' dir='ltr'><strong>eis</strong></span> 
     </span>
     <span class='ocr_line' id='line_1_25' title="bbox 480 3616 1432 3704; baseline 0 -20"><span class='ocrx_word' id='word_1_161' title='bbox 480 3621 639 3704; x_wconf 72' lang='lat' dir='ltr'><strong>praeterita</strong></span> <span class='ocrx_word' id='word_1_162' title='bbox 662 3639 724 3682; x_wconf 83' lang='lat' dir='ltr'><strong>aera</strong></span> <span class='ocrx_word' id='word_1_163' title='bbox 748 3616 966 3702; x_wconf 86' lang='lat' dir='ltr'><strong>procederent</strong></span> <span class='ocrx_word' id='word_1_164' title='bbox 1013 3617 1150 3680; x_wconf 89' lang='lat' dir='ltr'><strong>Tribuni</strong></span> <span class='ocrx_word' id='word_1_165' title='bbox 1177 3638 1304 3701; x_wconf 89' lang='lat' dir='ltr'><strong>quoque</strong></span> <span class='ocrx_word' id='word_1_166' title='bbox 1329 3620 1432 3702; x_wconf 90' lang='lat' dir='ltr'><strong>plebis</strong></span> 
     </span>
     <span class='ocr_line' id='line_1_26' title="bbox 481 3718 1432 3804; baseline 0.001 -20"><span class='ocrx_word' id='word_1_167' title='bbox 481 3721 522 3784; x_wconf 92' lang='lat' dir='ltr'><strong>de</strong></span> <span class='ocrx_word' id='word_1_168' title='bbox 552 3719 663 3783; x_wconf 88' lang='lat' dir='ltr'><strong>eadem</strong></span> <span class='ocrx_word' id='word_1_169' title='bbox 685 3741 718 3783; x_wconf 93' lang='lat' dir='ltr'><strong>re</strong></span> <span class='ocrx_word' id='word_1_170' title='bbox 749 3718 790 3782; x_wconf 82' lang='lat' dir='ltr'><strong>ad</strong></span> <span class='ocrx_word' id='word_1_171' title='bbox 811 3719 966 3803; x_wconf 90' lang='lat' dir='ltr'><strong>populum</strong></span> <span class='ocrx_word' id='word_1_172' title='bbox 993 3719 1203 3801; x_wconf 89' lang='lat' dir='ltr'><strong>pertulerunt,</strong></span> <span class='ocrx_word' id='word_1_173' title='bbox 1226 3719 1432 3804; x_wconf 87' lang='lat' dir='ltr'><strong>omniumque</strong></span> 
     </span>
     <span class='ocr_line' id='line_1_27' title="bbox 481 3820 1430 3905; baseline 0 -19"><span class='ocrx_word' id='word_1_174' title='bbox 481 3841 642 3886; x_wconf 87' lang='lat' dir='ltr'><strong>consensu</strong></span> <span class='ocrx_word' id='word_1_175' title='bbox 657 3821 797 3884; x_wconf 83' lang='lat' dir='ltr'><strong>stabilita</strong></span> <span class='ocrx_word' id='word_1_176' title='bbox 812 3832 861 3885; x_wconf 87' lang='lat' dir='ltr'><strong>est</strong></span> <span class='ocrx_word' id='word_1_177' title='bbox 876 3820 1056 3905; x_wconf 81' lang='lat' dir='ltr'><strong>disciplina.</strong></span> <span class='ocrx_word' id='word_1_178' title='bbox 1095 3822 1134 3893; x_wconf 89' lang='lat' dir='ltr'><strong>Q.</strong></span> <span class='ocrx_word' id='word_1_179' title='bbox 1152 3821 1305 3885; x_wconf 89' lang='lat' dir='ltr'><strong>Metellus</strong></span> <span class='ocrx_word' id='word_1_180' title='bbox 1321 3823 1430 3886; x_wconf 91' lang='lat' dir='ltr'><strong>Mace·</strong></span> 
     </span>
     <span class='ocr_line' id='line_1_28' title="bbox 481 3922 1433 4007; baseline 0.001 -21"><span class='ocrx_word' id='word_1_181' title='bbox 481 3922 615 3986; x_wconf 88' lang='lat' dir='ltr'><strong>donicus</strong></span> <span class='ocrx_word' id='word_1_182' title='bbox 629 3922 663 3985; x_wconf 92' lang='lat' dir='ltr'><strong>iu</strong></span> <span class='ocrx_word' id='word_1_183' title='bbox 680 3923 841 4007; x_wconf 80' lang='lat' dir='ltr'><strong>Hispania</strong></span> <span class='ocrx_word' id='word_1_184' title='bbox 855 3923 996 4005; x_wconf 89' lang='lat' dir='ltr'><strong>quinque</strong></span> <span class='ocrx_word' id='word_1_185' title='bbox 1018 3922 1175 4000; x_wconf 87' lang='lat' dir='ltr'><strong>cohortes,</strong></span> <span class='ocrx_word' id='word_1_186' title='bbox 1193 3943 1265 4005; x_wconf 71' lang='lat' dir='ltr'><strong>quae</strong></span> <span class='ocrx_word' id='word_1_187' title='bbox 1288 3922 1433 3987; x_wconf 85' lang='lat' dir='ltr'><strong>hostibus</strong></span> 
     </span>
     <span class='ocr_line' id='line_1_29' title="bbox 480 4023 1433 4106; baseline -0.002 -17"><span class='ocrx_word' id='word_1_188' title='bbox 480 4034 653 4099; x_wconf 86' lang='lat' dir='ltr'><strong>cesserant,</strong></span> <span class='ocrx_word' id='word_1_189' title='bbox 679 4033 901 4087; x_wconf 87' lang='lat' dir='ltr'><strong>testamentum</strong></span> <span class='ocrx_word' id='word_1_190' title='bbox 925 4025 1029 4087; x_wconf 82' lang='lat' dir='ltr'><strong>iacere</strong></span> <span class='ocrx_word' id='word_1_191' title='bbox 1050 4024 1167 4106; x_wconf 85' lang='lat' dir='ltr'><strong>jussas,</strong></span> <span class='ocrx_word' id='word_1_192' title='bbox 1190 4023 1231 4087; x_wconf 90' lang='lat' dir='ltr'><strong>ad</strong></span> <span class='ocrx_word' id='word_1_193' title='bbox 1254 4025 1362 4087; x_wconf 89' lang='lat' dir='ltr'><strong>locum</strong></span> <span class='ocrx_word' id='word_1_194' title='bbox 1386 4044 1433 4087; x_wconf 87' lang='lat' dir='ltr'><strong>re·</strong></span> 
     </span>
     <span class='ocr_line' id='line_1_30' title="bbox 481 4124 1433 4209; baseline -0.002 -19"><span class='ocrx_word' id='word_1_195' title='bbox 481 4125 698 4209; x_wconf 77' lang='lat' dir='ltr'><strong>superandum</strong></span> <span class='ocrx_word' id='word_1_196' title='bbox 714 4125 844 4201; x_wconf 83' lang='lat' dir='ltr'><strong>remisit,</strong></span> <span class='ocrx_word' id='word_1_197' title='bbox 860 4126 995 4189; x_wconf 86' lang='lat' dir='ltr'><strong>minatus</strong></span> <span class='ocrx_word' id='word_1_198' title='bbox 1014 4147 1080 4188; x_wconf 89' lang='lat' dir='ltr'><strong>non</strong></span> <span class='ocrx_word' id='word_1_199' title='bbox 1101 4125 1162 4188; x_wconf 89' lang='lat' dir='ltr'><strong>nisi</strong></span> <span class='ocrx_word' id='word_1_200' title='bbox 1182 4135 1256 4207; x_wconf 89' lang='lat' dir='ltr'><strong>post</strong></span> <span class='ocrx_word' id='word_1_201' title='bbox 1269 4124 1433 4188; x_wconf 86' lang='lat' dir='ltr'><strong>victoriam</strong></span> 
     </span>
     <span class='ocr_line' id='line_1_31' title="bbox 481 4224 1430 4311; baseline 0.001 -20"><span class='ocrx_word' id='word_1_202' title='bbox 481 4241 645 4310; x_wconf 89' lang='lat' dir='ltr'><strong>receptum</strong></span> <span class='ocrx_word' id='word_1_203' title='bbox 656 4227 703 4289; x_wconf 89' lang='lat' dir='ltr'><strong>iri.</strong></span> <span class='ocrx_word' id='word_1_204' title='bbox 726 4227 873 4304; x_wconf 83' lang='lat' dir='ltr'><strong>Senatus,</strong></span> <span class='ocrx_word' id='word_1_205' title='bbox 885 4248 981 4311; x_wconf 91' lang='lat' dir='ltr'><strong>quum</strong></span> <span class='ocrx_word' id='word_1_206' title='bbox 992 4227 1109 4290; x_wconf 88' lang='lat' dir='ltr'><strong>milites</strong></span> <span class='ocrx_word' id='word_1_207' title='bbox 1119 4225 1226 4289; x_wconf 89' lang='lat' dir='ltr'><strong>Publii</strong></span> <span class='ocrx_word' id='word_1_208' title='bbox 1238 4224 1356 4287; x_wconf 90' lang='lat' dir='ltr'><strong>Valerii</strong></span> <span class='ocrx_word' id='word_1_209' title='bbox 1368 4235 1430 4292; x_wconf 90' lang='lat' dir='ltr'><strong>tur·</strong></span> 
     </span>
     <span class='ocr_line' id='line_1_32' title="bbox 485 4325 1431 4412; baseline 0.007 -22"><span class='ocrx_word' id='word_1_210' title='bbox 485 4327 983 4412; x_wconf 65' lang='lat' dir='ltr'><strong>piteriugatiessentdecreritue</strong></span> <span class='ocrx_word' id='word_1_211' title='bbox 992 4331 1022 4393; x_wconf 94' lang='lat' dir='ltr'><strong>ei</strong></span> <span class='ocrx_word' id='word_1_212' title='bbox 1034 4329 1154 4392; x_wconf 80' lang='lat' dir='ltr'><strong>auxilia</strong></span> <span class='ocrx_word' id='word_1_213' title='bbox 1164 4325 1431 4407; x_wconf 88' lang='lat' dir='ltr'><strong>submitterentur,</strong></span> 
     </span>
     <span class='ocr_line' id='line_1_33' title="bbox 485 4425 1432 4511; baseline 0.008 -20"><span class='ocrx_word' id='word_1_214' title='bbox 485 4429 548 4492; x_wconf 86' lang='lat' dir='ltr'><strong>nisi</strong></span> <span class='ocrx_word' id='word_1_215' title='bbox 562 4429 655 4494; x_wconf 83' lang='lat' dir='ltr'><strong>victis</strong></span> <span class='ocrx_word' id='word_1_216' title='bbox 669 4430 825 4494; x_wconf 84' lang='lat' dir='ltr'><strong>hostibus.</strong></span> <span class='ocrx_word' id='word_1_217' title='bbox 863 4429 925 4493; x_wconf 89' lang='lat' dir='ltr'><strong>His</strong></span> <span class='ocrx_word' id='word_1_218' title='bbox 937 4449 1010 4492; x_wconf 84' lang='lat' dir='ltr'><strong>vero</strong></span> <span class='ocrx_word' id='word_1_219' title='bbox 1021 4425 1215 4507; x_wconf 83' lang='lat' dir='ltr'><strong>legionibus,</strong></span> <span class='ocrx_word' id='word_1_220' title='bbox 1227 4448 1298 4511; x_wconf 84' lang='lat' dir='ltr'><strong>quae</strong></span> <span class='ocrx_word' id='word_1_221' title='bbox 1308 4430 1432 4499; x_wconf 91' lang='lat' dir='ltr'><strong>Punico</strong></span> 
     </span>
    </p>
   </div>
   <div class='ocr_carea' id='block_1_6' title="bbox 0 0 2050 5634">
    <p class='ocr_par' dir='ltr' id='par_1_6' title="bbox 0 0 2050 5634">
     <span class='ocr_line' id='line_1_34' title="bbox 0 0 2050 5634; baseline 0 0"><span class='ocrx_word' id='word_1_222' title='bbox 0 0 2050 5634; x_wconf 95' lang='lat' dir='ltr'><strong> </strong></span> 
     </span>
    </p>
   </div>
  </div>
 </body>
</html>
