4084 5634
477 914 546 960 cre.
563 895 651 975 vnn]
821 911 1075 958 rotrcmrrcus.
1365 901 1429 959 267

474 1078 644 1150 antequam
672 1085 785 1127 nomen
812 1063 1016 1148 profiteretur
1041 1063 1242 1138 alterutrum,
1268 1065 1294 1128 si
1321 1079 1427 1130 tamen

476 1167 556 1246 haec,
570 1165 682 1250 religio
697 1165 814 1230 scilicet
830 1179 860 1230 et
882 1165 1093 1252 philosophia,
1111 1188 1277 1230 numerum
1294 1169 1427 1249 faciunt,

477 1291 578 1354 quum
600 1267 666 1332 sine
684 1266 837 1363 religiono
852 1267 1175 1363 ssefflgJfflsslssal
1221 1267 1324 1333 hiloso
1347 1270 1416 1333 bari

475 1369 743 1435 continentissime
758 1370 859 1433 vixit:
883 1392 983 1454 quum
1001 1373 1032 1434 in
1048 1369 1186 1455 aliquem
1202 1350 1337 1455 gradum
1354 1395 1426 1458 pro·

474 1484 581 1536 motus
608 1484 668 1548 est,
694 1485 870 1556 nactusque
903 1472 1056 1556 quietem,
1087 1471 1199 1556 primae
1229 1485 1261 1536 et
1295 1495 1427 1540 summm

473 1572 710 1637 deliberationis
732 1594 864 1635 acumen
886 1587 1011 1636 exercet
1034 1572 1066 1636 in
1088 1572 1235 1658 eligenda
1255 1597 1355 1638 uxore
1377 1575 1425 1639 vel

475 1675 644 1749 duceuda;
675 1688 731 1739 aut
758 1674 846 1760 quod
874 1677 1012 1760 nequius
1036 1688 1096 1752 est,
1120 1676 1295 1740 vicinorum
1320 1679 1428 1741 matri-

473 1777 580 1838 monia
594 1775 760 1850 solicitare,
771 1787 803 1838 et
815 1797 1015 1860 corrumpere
1028 1796 1090 1837 non
1104 1789 1240 1840 veretur.
1272 1778 1426 1864 Erumpit

471 1876 633 1941 interdum
655 1876 869 1939 inverecunda
891 1878 1095 1963 intemperies
1118 1876 1304 1942 mulierum:
1336 1880 1425 1964 quia,

474 1991 509 2042 ut
534 1977 643 2043 scribit
666 1977 863 2056 Herodotus,
888 1978 1002 2041 mulier
1026 2000 1100 2042 cum
1127 1993 1212 2043 veste
1237 1980 1427 2075 defflsslljl.

476 2078 708 2144 verecundiam.
751 2079 915 2165 Erumpit‚
943 2080 1088 2165 inquam,
1118 2077 1301 2165 impudens,
1330 2095 1362 2146 et
1392 2083 1425 2146 in

458 2155 702 2176 mmuh-n

476 2182 557 2245 facie
579 2181 830 2245 erubescentium
850 2181 1052 2267 populorum,
1073 2184 1290 2348 {effigia-tim
1308 2185 1427 2250 revelat

474 2296 506 2347 et
529 2283 673 2347 denudat
696 2304 820 2362 arcana,
842 2297 874 2348 et
899 2283 940 2347 de
962 2286 1067 2350 mariti
1105 2307 1165 2371 ugr
1189 2298 1267 2350 itate
1287 2309 1427 2374 conque·

474 2386 568 2465 ritur,
594 2384 734 2471 allegans
762 2385 844 2449 hanc
874 2385 1079 2451 sufficientem
1110 2401 1141 2451 et
1172 2388 1349 2452 erideutem
1379 2411 1426 2452 re-

474 2487 564 2572 pudii
587 2487 637 2550 vel
659 2486 789 2551 divortii
812 2509 951 2563 causam,
969 2488 1056 2571 quod
1080 2489 1208 2552 semivir
1229 2498 1287 2565 est,
1302 2504 1334 2554 et
1354 2491 1424 2556 iuu-

473 2585 540 2649 tilis
562 2585 773 2659 matrimonio,
799 2585 854 2671 qui
880 2608 942 2648 non
967 2600 1015 2649 est
1038 2600 1207 2673 promptus
1229 2588 1269 2652 ad
1295 2593 1426 2654 coitum.

474 2685 648 2769 Eleganter
669 2684 799 2770 quidem
815 2686 994 2751 Gausridus
1016 2687 1056 2750 de
1071 2691 1215 2773 Heroum
1233 2689 1319 2769 villa,
1333 2690 1425 2754 fami·

474 2787 560 2850 liaris
575 2809 675 2863 meus,
688 2786 783 2849 unius
797 2764 1426 2873 tffidffuffibbfssmbdiddnfudit

473 2888 648 2953 audaciam.
671 2889 778 2965 Quum
788 2888 871 2952 enim
881 2889 910 2952 ei
924 2889 1181 2973 patronusdstus
1189 2906 1300 2956 esseta
1306 2893 1428 2978 judice,

472 2991 681 3066 celebraturo,
699 3003 734 3054 ut
756 2990 942 3075 putabatur,
958 2990 1143 3069 divortium,
1159 3005 1191 3056 et
1207 2993 1320 3058 mulier
1333 3015 1426 3077 gene-

472 3115 543 3156 rosa
562 3091 767 3158 audientibus
789 3091 897 3155 amicis
917 3107 949 3155 et
969 3091 1244 3176 suffragatoribus,
1259 3093 1425 3177 advocato,

473 3207 509 3257 ut
528 3194 576 3269 fit,
591 3192 777 3276 diligentius
797 3196 909 3256 merita
928 3216 1033 3257 causae
1053 3215 1119 3258 suae
1140 3208 1322 3279 exponeret,
1339 3219 1425 3260 scru-

473 3303 559 3355 tatus
573 3305 620 3355 est
636 3293 677 3356 ab
692 3316 728 3355 eo
753 3296 802 3356 vir
816 3292 968 3378 prudens,
982 3315 1021 3355 sn
1042 3292 1139 3355 alium
1157 3297 1305 3358 maritum
1322 3317 1425 3380 quan·

471 3391 578 3475 doque
592 3391 749 3456 habuerit.
783 3391 879 3466 Quod
901 3414 1000 3476 quum
1024 3391 1079 3454 illa
1100 3406 1257 3476 negasset,
1273 3394 1423 3479 quaesivit

472 3492 585 3556 iterum
602 3515 641 3556 an
658 3492 764 3555 adbuc
784 3493 874 3576 virgo
889 3504 983 3568 esset,
999 3492 1123 3556 dicens:
1153 3497 1227 3558 Hoc
1241 3494 1300 3557 sibi
1315 3495 1423 3580 inqui-

471 3595 547 3671 situ,
557 3608 589 3658 et
600 3595 680 3660 scitu
693 3593 972 3680 pernecessarium,
985 3616 1024 3656 ne
1035 3616 1054 3656 a
1065 3593 1201 3658 discreto
1210 3595 1322 3680 judice
1333 3615 1424 3683 cape·-

472 3712 559 3761 retur
575 3697 735 3760 occasione
747 3697 855 3782 aliqua
870 3699 900 3760 in
914 3718 1066 3760 sermone.
1095 3694 1156 3760 Illa
1168 3719 1242 3760 vero
1253 3698 1325 3775 hoc,
1336 3722 1424 3763 vere·

470 3799 572 3862 cunde
589 3814 705 3873 tamen,
721 3799 860 3885 eoquod
877 3798 937 3862 sibi
953 3821 1015 3861 non
1032 3799 1111 3863 bene
1126 3799 1326 3875 credebatur,
1342 3824 1423 3865 asse-

469 3901 544 3964 ruit¹
582 3904 629 3965 Et
652 3899 722 3964 ille:
758 3905 807 3964 An
834 3899 929 3963 simul
953 3899 993 3962 de
1017 3913 1113 3963 noctu
1137 3900 1275 3963 dormire
1293 3922 1423 3964 consue-

471 4001 586 4079 verint,
601 4014 632 4065 et
649 4025 681 4065 se
696 4000 829 4065 invicem
848 4000 981 4065 osculari
996 4014 1028 4064 et
1044 3999 1219 4084 amplexari
1241 4000 1375 4064 maritus
1389 4014 1422 4066 et

469 4103 732 4189 ipsa,inquisivit.
754 4100 1303 4185 Quaeomniaquumillafatcretur:
1325 4102 1421 4166 Unde

470 4228 557 4289 ergo,
579 4205 686 4291 inquit
709 4217 874 4289 patronus,
894 4204 977 4266 nosti
998 4201 1089 4287 virgo
1108 4200 1323 4286 pudicissima,
1346 4226 1421 4289 pru·

469 4305 660 4386 deotissima,
669 4304 925 4392 pudoratissima,
936 4304 1023 4390 quod
1034 4303 1188 4367 efficacem
1200 4317 1304 4366 tecum
1319 4305 1420 4369 virum

471 4428 532 4468 non
556 4407 745 4490 impleverit,
767 4423 799 4471 et
823 4407 922 4472 totius
944 4406 1093 4471 matronii
1111 4405 1187 4490 jura
1209 4405 1419 4488 persolverit?

472 4507 554 4584 Quis,
575 4520 604 4570 tc
620 4507 740 4583 docuit,
759 4508 837 4591 quid
855 4507 894 4571 sit
915 4507 1027 4582 coitus,
1045 4521 1081 4571 ut
1102 4528 1173 4570 eum
1190 4519 1293 4570 tecum
1309 4507 1420 4572 coiisse
