4084 5634
446 851 519 897 otc.
537 835 598 915 rx.]
803 850 1057 899 rocrcsarrcus.
1342 843 1402 902 115

445 1005 518 1086 Ego
533 1018 640 1068 autem
657 1007 689 1069 in
705 1001 831 1068 illorum
855 1006 1042 1068 sententiam
1064 1003 1212 1068 facillime
1234 1005 1323 1084 cedo,
1340 1010 1396 1092 qui

443 1107 647 1172 noncredunt
660 1106 866 1172 sinelectione
875 1122 1052 1182 auctorum,
1061 1131 1151 1193 posse
1158 1107 1226 1171 fieri
1236 1108 1395 1174 bominem

444 1207 630 1273 litteratum.
692 1209 890 1274 Litterarum
930 1210 1165 1296 tamenjnpia
1183 1234 1393 1297 nequaquam

442 1310 668 1397 ppbilosobum
700 1310 802 1375 facit(
832 1311 946 1376 Gratia
974 1312 1131 1398 siquidem
1159 1324 1218 1388 est,
1249 1337 1322 1399 quae
1352 1313 1393 1379 ad

442 1413 626 1496 sapientiam
644 1417 710 1477 sola
728 1413 886 1499 perducit.
935 1414 971 1478 ln
988 1437 1110 1480 summa
1125 1415 1280 1500 siquidem
1303 1418 1393 1502 copia

441 1510 629 1590 litterarum,
651 1529 707 1580 aut
728 1516 906 1600 ignorantia
928 1515 1102 1596 interdum,
1120 1530 1176 1580 aut
1199 1516 1392 1603 negligentia

440 1616 585 1681 veritatis
599 1631 659 1699 est,
674 1618 740 1680 sine
755 1640 821 1702 qua
835 1617 1031 1703 impossibile
1046 1631 1094 1680 est
1110 1640 1303 1704 quemqnam
1324 1619 1393 1684 fieri

441 1719 626 1805 sapientem.
671 1718 767 1785 Unde
779 1731 811 1782 et
826 1719 938 1783 doctor
953 1719 1005 1782 ille
1022 1719 1184 1798 Ecclesiae,
1199 1721 1290 1805 cujus
1302 1743 1393 1786 nemo

440 1821 516 1884 satis
525 1842 645 1884 memor
656 1844 722 1884 esse
734 1834 849 1904 potest,
861 1821 1074 1906 Augustinus,
1090 1822 1258 1885 Varronem
1274 1822 1392 1907 arguit,

347 1917 349 1920 ’
441 1945 535 2008 quem
553 1936 657 1987 tamen
675 1934 711 1986 ut
732 1921 978 1987 literatissimum
997 1924 1095 1988 fuisse
1117 1922 1239 1997 doceat,
1260 1923 1304 1987 ait
1319 1935 1392 2010 post
1460 1928 1462 1933 ’

435 2036 566 2101 caetera,
604 2023 724 2110 quibus
761 2023 912 2109 singulari
941 2024 1100 2111 proeconio
1128 2025 1389 2092 commendatur:

440 2125 588 2213 Denique
603 2139 636 2190 et
657 2123 725 2212 ipse
751 2127 890 2203 Tullius,
907 2128 982 2191 buic
1003 2126 1067 2192 tale
1081 2128 1297 2193 testimonium
1321 2150 1392 2214 per-

439 2226 539 2306 hibet,
570 2245 606 2295 ut
630 2229 661 2294 in
684 2229 774 2298 libris
796 2229 992 2295 Academicis
1021 2229 1118 2307 dicat,
1141 2252 1209 2293 eam
1241 2254 1315 2316 quae
1345 2230 1390 2294 ibi

438 2344 582 2396 versatur
597 2331 858 2418 disputationem,
874 2355 906 2394 se
922 2331 1070 2398 habuisse
1085 2353 1159 2396 cum
1175 2335 1222 2396 M.
1237 2331 1388 2410 Varrone,

437 2429 575 2510 bomine,
607 2434 723 2521 inquit,
745 2435 886 2497 omnium
917 2432 1011 2496 facile
1040 2433 1233 2509 acutissimo,
1259 2447 1291 2497 at
1322 2432 1390 2498 sine

436 2532 639 2600 dubitatione
661 2535 852 2600 doctissimo.
900 2535 973 2597 Non
996 2535 1041 2598 ait
1064 2534 1322 2620 eloquentissimo
1338 2534 1388 2597 vel

437 2635 676 2717 facundissimo,
687 2636 834 2723 quoniam
847 2658 955 2700 revera
967 2636 999 2699 in
1015 2636 1075 2699 bac
1087 2634 1239 2700 facultate
1249 2636 1389 2700 multum

436 2737 542 2825 impar
561 2750 620 2815 est,
643 2737 697 2801 sed
720 2737 860 2801 omnium
881 2735 974 2799 facile
994 2735 1186 2812 acutissimo,
1209 2751 1241 2801 et
1263 2735 1391 2801 indubi-

435 2838 739 2904 tanterdoctissimo.
763 2836 1386 2923 lnprimoautemlibro,quumejusdem

436 2942 589 3005 Varronis
610 2941 784 3006 literatoria
801 2961 899 3025 opera
918 2937 1118 3024 praedicaret,
1135 2961 1202 3017 nos,
1217 2938 1333 3025 inquit,
1354 2940 1387 3003 in

433 3055 541 3108 nostra
556 3043 635 3108 urbe
649 3041 895 3129 peregrinantes,
915 3053 1119 3125 errantesque
1139 3053 1290 3127 tanquam
1315 3039 1388 3104 bos·

434 3142 528 3227 pites,
540 3146 588 3208 tui
605 3143 675 3207 libri
691 3142 782 3230 quasi
798 3142 929 3206 domum
943 3140 1154 3216 reduxerunt,
1168 3155 1204 3206 ut
1220 3164 1386 3227 possemus

435 3243 608 3329 aliquando
619 3245 686 3330 qni,
698 3258 731 3309 et
745 3245 801 3308 ubi
816 3264 964 3323 essemus,
975 3264 1153 3326 agnoscere.
1188 3243 1243 3305 Tu
1259 3256 1386 3306 aetatem

435 3345 559 3430 patriae,
574 3358 610 3408 tu
626 3344 854 3429 descriptiones
869 3357 1061 3428 temporum,
1074 3356 1110 3406 tu
1129 3365 1287 3407 sacrorum
1300 3345 1387 3428 jura,

434 3441 1388 3532 tusacerdotum3tudomesticam,tupublicamdisciplinam,

434 3561 470 3613 tu
487 3547 622 3625 sedium,
636 3546 809 3631 regionum,
825 3545 977 3623 locorum,
994 3555 1029 3608 tu
1040 3543 1182 3609 omnium
1194 3544 1384 3627 divinarunt,

385 3689 387 3692 -
433 3649 707 3736 humanarumque
737 3670 843 3712 rerum
874 3645 1012 3721 nomina,
1042 3669 1169 3731 genera,
1205 3647 1316 3731 officia,
1352 3664 1385 3715 et

429 3773 543 3816 causas
558 3751 720 3838 aperuisti.
767 3754 832 3815 Iste
854 3749 954 3834 igitur
974 3749 1023 3812 vir
1045 3762 1108 3812 tam
1128 3749 1260 3835 insignis
1282 3753 1386 3817 excel·

432 3853 588 3940 lentisque
597 3853 731 3941 peritiae,
741 3853 796 3938 qui
807 3866 870 3916 tam
883 3851 984 3916 multa
993 3851 1127 3936 legit‚ut
1137 3852 1165 3914 ei
1175 3852 1297 3938 aliquid
1308 3855 1383 3919 scri-

432 3955 506 4020 bere
519 3979 644 4022 vacasse
657 3955 818 4031 miremur,
832 3967 894 4019 tam
909 3951 1012 4017 multa
1025 3954 1162 4039 scripsit,
1173 3976 1269 4038 quam
1283 3957 1385 4020 multa

432 4058 485 4122 vix
498 4081 679 4145 quenquam
692 4059 797 4142 legere
811 4057 948 4143 potuisse
960 4056 1138 4120 credamus.
1170 4058 1236 4121 Iste
1251 4059 1384 4145 inquam

434 4160 481 4222 vir
498 4173 604 4226 tantus
618 4158 755 4245 ingenio,
773 4171 944 4243 tantusque
959 4157 1116 4234 doctrina,
1133 4157 1157 4221 si
1174 4180 1279 4221 rerum
1297 4158 1384 4222 velut

429 4260 624 4338 divinarum,
639 4261 679 4325 de
695 4260 812 4346 quibus
827 4259 947 4335 scribit,
962 4270 1168 4346 oppugnator
1190 4273 1270 4324 esset
1286 4272 1383 4344 atque

431 4360 622 4437 destructor,
641 4382 759 4448 easque
782 4383 843 4425 non
865 4360 904 4424 ad
929 4361 1126 4446 religionem,
1143 4360 1197 4424 sed
1220 4360 1260 4423 ad
1278 4382 1387 4446 super-

430 4459 592 4524 stitionem
615 4461 734 4525 diceret
756 4460 925 4547 pertinere,
946 4461 1052 4525 nescio
1072 4474 1182 4524 utrum
1199 4473 1263 4524 tam
1287 4461 1391 4526 multa

890 4572 937 4625 12
