<?xml version="1.0" encoding="UTF-8"?>
<!DOCTYPE html PUBLIC "-//W3C//DTD XHTML 1.0 Transitional//EN"
    "http://www.w3.org/TR/xhtml1/DTD/xhtml1-transitional.dtd">
<html xmlns="http://www.w3.org/1999/xhtml" xml:lang="en" lang="en">
 <head>
  <title>
</title>
<meta http-equiv="Content-Type" content="text/html;charset=utf-8" />
  <meta name='ocr-system' content='tesseract 3.04.00' />
  <meta name='ocr-capabilities' content='ocr_page ocr_carea ocr_par ocr_line ocrx_word'/>
</head>
<body>
  <div class='ocr_page' id='page_1' title='image "./joannissaresber07johngoog_0025.png"; bbox 0 0 4084 5634; ppageno 0'>
   <div class='ocr_carea' id='block_1_1' title="bbox 388 831 1411 911">
    <p class='ocr_par' dir='ltr' id='par_1_1' title="bbox 388 831 1411 911">
     <span class='ocr_line' id='line_1_1' title="bbox 388 831 1411 911; baseline -0.005 -16"><span class='ocrx_word' id='word_1_1' title='bbox 388 885 393 895; x_wconf 90' lang='lat'>.</span> <span class='ocrx_word' id='word_1_2' title='bbox 458 850 532 895; x_wconf 73' lang='lat' dir='ltr'><strong>cae.</strong></span> <span class='ocrx_word' id='word_1_3' title='bbox 551 831 609 911; x_wconf 76' lang='lat' dir='ltr'><strong>vn]</strong></span> <span class='ocrx_word' id='word_1_4' title='bbox 818 838 1074 893; x_wconf 73' lang='lat' dir='ltr'><strong>ronrcna‘ncns.</strong></span> <span class='ocrx_word' id='word_1_5' title='bbox 1374 832 1411 891; x_wconf 72' lang='grc'><strong>17</strong></span> 
     </span>
    </p>
   </div>
   <div class='ocr_carea' id='block_1_2' title="bbox 456 996 1411 2689">
    <p class='ocr_par' dir='ltr' id='par_1_2' title="bbox 456 996 1411 1386">
     <span class='ocr_line' id='line_1_2' title="bbox 458 996 1411 1079; baseline -0.002 -15"><span class='ocrx_word' id='word_1_6' title='bbox 458 1000 602 1075; x_wconf 87' lang='lat' dir='ltr'><strong>mollitie,</strong></span> <span class='ocrx_word' id='word_1_7' title='bbox 629 1012 661 1064; x_wconf 92' lang='lat' dir='ltr'><strong>et</strong></span> <span class='ocrx_word' id='word_1_8' title='bbox 684 999 822 1063; x_wconf 80' lang='lat' dir='ltr'><strong>virorum</strong></span> <span class='ocrx_word' id='word_1_9' title='bbox 852 1000 976 1063; x_wconf 85' lang='lat' dir='ltr'><strong>animos</strong></span> <span class='ocrx_word' id='word_1_10' title='bbox 1002 999 1164 1079; x_wconf 79' lang='lat' dir='ltr'>frangente</span> <span class='ocrx_word' id='word_1_11' title='bbox 1191 996 1330 1075; x_wconf 85' lang='lat' dir='ltr'><strong>luxuria,</strong></span> <span class='ocrx_word' id='word_1_12' title='bbox 1355 1009 1411 1062; x_wconf 91' lang='lat' dir='ltr'><strong>aut</strong></span> 
     </span>
     <span class='ocr_line' id='line_1_3' title="bbox 457 1098 1407 1186; baseline 0 -23"><span class='ocrx_word' id='word_1_13' title='bbox 457 1102 583 1183; x_wconf 84' lang='lat' dir='ltr'><strong>ignavia</strong></span> <span class='ocrx_word' id='word_1_14' title='bbox 596 1101 784 1186; x_wconf 81' lang='lat' dir='ltr'><strong>juventutis,</strong></span> <span class='ocrx_word' id='word_1_15' title='bbox 799 1112 830 1164; x_wconf 86' lang='lat' dir='ltr'><strong>et</strong></span> <span class='ocrx_word' id='word_1_16' title='bbox 851 1101 967 1164; x_wconf 85' lang='lat' dir='ltr'><strong>inertia</strong></span> <span class='ocrx_word' id='word_1_17' title='bbox 988 1098 1107 1164; x_wconf 92' lang='lat' dir='ltr'><strong>ducum</strong></span> <span class='ocrx_word' id='word_1_18' title='bbox 1129 1099 1281 1183; x_wconf 88' lang='lat' dir='ltr'><strong>temporis</strong></span> <span class='ocrx_word' id='word_1_19' title='bbox 1296 1099 1407 1163; x_wconf 82' lang='lat' dir='ltr'><strong>nostri.</strong></span> 
     </span>
     <span class='ocr_line' id='line_1_4' title="bbox 458 1200 1408 1285; baseline -0.004 -18"><span class='ocrx_word' id='word_1_20' title='bbox 458 1203 559 1279; x_wconf 83' lang='lat' dir='ltr'>Quem</span> <span class='ocrx_word' id='word_1_21' title='bbox 575 1204 659 1266; x_wconf 89' lang='lat' dir='ltr'><strong>enim</strong></span> <span class='ocrx_word' id='word_1_22' title='bbox 675 1204 829 1279; x_wconf 79' lang='lat' dir='ltr'><strong>invenies,</strong></span> <span class='ocrx_word' id='word_1_23' title='bbox 844 1203 899 1285; x_wconf 92' lang='lat' dir='ltr'><strong>qui</strong></span> <span class='ocrx_word' id='word_1_24' title='bbox 915 1213 1044 1264; x_wconf 92' lang='lat' dir='ltr'><strong>strenue</strong></span> <span class='ocrx_word' id='word_1_25' title='bbox 1060 1201 1176 1264; x_wconf 85' lang='lat' dir='ltr'><strong>docere</strong></span> <span class='ocrx_word' id='word_1_26' title='bbox 1193 1201 1305 1282; x_wconf 80' lang='lat' dir='ltr'>possit,</span> <span class='ocrx_word' id='word_1_27' title='bbox 1321 1200 1408 1284; x_wconf 91' lang='lat' dir='ltr'><strong>quod</strong></span> 
     </span>
     <span class='ocr_line' id='line_1_5' title="bbox 456 1301 754 1386; baseline 0.003 -22"><span class='ocrx_word' id='word_1_28' title='bbox 456 1304 525 1386; x_wconf 91' lang='lat' dir='ltr'><strong>ipse</strong></span> <span class='ocrx_word' id='word_1_29' title='bbox 541 1325 607 1367; x_wconf 92' lang='lat' dir='ltr'><strong>uon</strong></span> <span class='ocrx_word' id='word_1_30' title='bbox 623 1301 754 1366; x_wconf 78' lang='lat' dir='ltr'><strong>didicit?</strong></span> 
     </span>
    </p>

    <p class='ocr_par' dir='ltr' id='par_1_3' title="bbox 561 1415 1227 1489">
     <span class='ocr_line' id='line_1_6' title="bbox 561 1415 1227 1489; baseline -0.005 -21"><span class='ocrx_word' id='word_1_31' title='bbox 561 1417 640 1470; x_wconf 84' lang='lat' dir='ltr'><strong>Nunc</strong></span> <span class='ocrx_word' id='word_1_32' title='bbox 651 1419 763 1489; x_wconf 83' lang='lat' dir='ltr'><strong>patimur</strong></span> <span class='ocrx_word' id='word_1_33' title='bbox 774 1417 862 1489; x_wconf 78' lang='lat' dir='ltr'><strong>longae</strong></span> <span class='ocrx_word' id='word_1_34' title='bbox 873 1417 944 1488; x_wconf 85' lang='lat' dir='ltr'><strong>pacis</strong></span> <span class='ocrx_word' id='word_1_35' title='bbox 955 1415 1033 1480; x_wconf 83' lang='lat' dir='ltr'><strong>muln,</strong></span> <span class='ocrx_word' id='word_1_36' title='bbox 1046 1416 1137 1468; x_wconf 82' lang='lat' dir='ltr'><strong>saevior</strong></span> <span class='ocrx_word' id='word_1_37' title='bbox 1148 1415 1227 1466; x_wconf 84' lang='lat' dir='ltr'><strong>armis</strong></span> 
     </span>
    </p>

    <p class='ocr_par' dir='ltr' id='par_1_4' title="bbox 456 1501 1411 2576">
     <span class='ocr_line' id='line_1_7' title="bbox 563 1501 1227 1570; baseline -0.005 -15"><span class='ocrx_word' id='word_1_38' title='bbox 563 1504 681 1556; x_wconf 83' lang='lat' dir='ltr'><strong>Luxuria</strong></span> <span class='ocrx_word' id='word_1_39' title='bbox 691 1504 817 1569; x_wconf 77' lang='lat' dir='ltr'><strong>incubuit,</strong></span> <span class='ocrx_word' id='word_1_40' title='bbox 829 1505 975 1570; x_wconf 85' lang='lat' dir='ltr'><strong>rictumque</strong></span> <span class='ocrx_word' id='word_1_41' title='bbox 987 1501 1117 1555; x_wconf 90' lang='lat' dir='ltr'><strong>ulciscitur</strong></span> <span class='ocrx_word' id='word_1_42' title='bbox 1129 1501 1227 1553; x_wconf 82' lang='lat' dir='ltr'><strong>orbem.</strong></span> 
     </span>
     <span class='ocr_line' id='line_1_8' title="bbox 457 1605 1410 1690; baseline 0 -22"><span class='ocrx_word' id='word_1_43' title='bbox 457 1606 618 1690; x_wconf 87' lang='lat' dir='ltr'><strong>Antiquas</strong></span> <span class='ocrx_word' id='word_1_44' title='bbox 647 1618 679 1670; x_wconf 90' lang='lat' dir='ltr'><strong>et</strong></span> <span class='ocrx_word' id='word_1_45' title='bbox 709 1607 877 1670; x_wconf 89' lang='lat' dir='ltr'><strong>modernas</strong></span> <span class='ocrx_word' id='word_1_46' title='bbox 909 1605 1038 1667; x_wconf 82' lang='lat' dir='ltr'><strong>revolve</strong></span> <span class='ocrx_word' id='word_1_47' title='bbox 1067 1605 1225 1680; x_wconf 82' lang='lat' dir='ltr'><strong>historias,</strong></span> <span class='ocrx_word' id='word_1_48' title='bbox 1255 1612 1287 1667; x_wconf 90' lang='lat' dir='ltr'><strong>et</strong></span> <span class='ocrx_word' id='word_1_49' title='bbox 1315 1606 1410 1687; x_wconf 84' lang='lat' dir='ltr'><strong>plane</strong></span> 
     </span>
     <span class='ocr_line' id='line_1_9' title="bbox 458 1705 1410 1791; baseline -0.001 -23"><span class='ocrx_word' id='word_1_50' title='bbox 458 1706 610 1783; x_wconf 88' lang='lat' dir='ltr'><strong>invenies,</strong></span> <span class='ocrx_word' id='word_1_51' title='bbox 637 1708 714 1791; x_wconf 90' lang='lat' dir='ltr'><strong>quia</strong></span> <span class='ocrx_word' id='word_1_52' title='bbox 739 1706 910 1769; x_wconf 84' lang='lat' dir='ltr'><strong>concussio</strong></span> <span class='ocrx_word' id='word_1_53' title='bbox 935 1705 1140 1788; x_wconf 85' lang='lat' dir='ltr'><strong>populorum,</strong></span> <span class='ocrx_word' id='word_1_54' title='bbox 1165 1723 1322 1766; x_wconf 88' lang='lat' dir='ltr'><strong>armorum</strong></span> <span class='ocrx_word' id='word_1_55' title='bbox 1345 1706 1410 1767; x_wconf 88' lang='lat' dir='ltr'><strong>col·</strong></span> 
     </span>
     <span class='ocr_line' id='line_1_10' title="bbox 456 1804 1409 1889; baseline 0 -20"><span class='ocrx_word' id='word_1_56' title='bbox 456 1809 539 1887; x_wconf 87' lang='lat' dir='ltr'><strong>lisio,</strong></span> <span class='ocrx_word' id='word_1_57' title='bbox 564 1807 673 1871; x_wconf 87' lang='lat' dir='ltr'><strong>clades</strong></span> <span class='ocrx_word' id='word_1_58' title='bbox 699 1807 876 1881; x_wconf 91' lang='lat' dir='ltr'><strong>hominum,</strong></span> <span class='ocrx_word' id='word_1_59' title='bbox 897 1818 928 1868; x_wconf 89' lang='lat' dir='ltr'><strong>et</strong></span> <span class='ocrx_word' id='word_1_60' title='bbox 950 1806 1048 1889; x_wconf 86' lang='lat' dir='ltr'><strong>plaga</strong></span> <span class='ocrx_word' id='word_1_61' title='bbox 1069 1804 1228 1882; x_wconf 89' lang='lat' dir='ltr'><strong>terribilis,</strong></span> <span class='ocrx_word' id='word_1_62' title='bbox 1249 1806 1409 1869; x_wconf 87' lang='lat' dir='ltr'><strong>luxuriam</strong></span> 
     </span>
     <span class='ocr_line' id='line_1_11' title="bbox 458 1907 1410 1991; baseline -0.001 -20"><span class='ocrx_word' id='word_1_63' title='bbox 458 1929 586 1991; x_wconf 84' lang='lat' dir='ltr'><strong>semper</strong></span> <span class='ocrx_word' id='word_1_64' title='bbox 610 1918 667 1970; x_wconf 89' lang='lat' dir='ltr'><strong>aut</strong></span> <span class='ocrx_word' id='word_1_65' title='bbox 692 1908 862 1971; x_wconf 86' lang='lat' dir='ltr'><strong>comitatur</strong></span> <span class='ocrx_word' id='word_1_66' title='bbox 884 1918 939 1970; x_wconf 90' lang='lat' dir='ltr'><strong>aut</strong></span> <span class='ocrx_word' id='word_1_67' title='bbox 961 1907 1115 1990; x_wconf 88' lang='lat' dir='ltr'><strong>sequitur.</strong></span> <span class='ocrx_word' id='word_1_68' title='bbox 1160 1907 1211 1969; x_wconf 89' lang='lat' dir='ltr'><strong>Ne</strong></span> <span class='ocrx_word' id='word_1_69' title='bbox 1234 1907 1330 1988; x_wconf 89' lang='lat' dir='ltr'><strong>longe</strong></span> <span class='ocrx_word' id='word_1_70' title='bbox 1353 1928 1410 1990; x_wconf 90' lang='lat' dir='ltr'><strong>pe·</strong></span> 
     </span>
     <span class='ocr_line' id='line_1_12' title="bbox 458 2007 1409 2092; baseline -0.001 -20"><span class='ocrx_word' id='word_1_71' title='bbox 458 2018 567 2072; x_wconf 88' lang='lat' dir='ltr'><strong>tantur</strong></span> <span class='ocrx_word' id='word_1_72' title='bbox 588 2010 746 2092; x_wconf 85' lang='lat' dir='ltr'><strong>exempla,</strong></span> <span class='ocrx_word' id='word_1_73' title='bbox 769 2007 957 2071; x_wconf 79' lang='lat' dir='ltr'><strong>Nivioollini</strong></span> <span class='ocrx_word' id='word_1_74' title='bbox 980 2009 1129 2071; x_wconf 80' lang='lat' dir='ltr'><strong>Britones</strong></span> <span class='ocrx_word' id='word_1_75' title='bbox 1150 2008 1283 2086; x_wconf 85' lang='lat' dir='ltr'><strong>irruunt,</strong></span> <span class='ocrx_word' id='word_1_76' title='bbox 1298 2007 1409 2092; x_wconf 87' lang='lat' dir='ltr'><strong>etjam</strong></span> 
     </span>
     <span class='ocr_line' id='line_1_13' title="bbox 458 2106 1409 2190; baseline 0.003 -21"><span class='ocrx_word' id='word_1_77' title='bbox 458 2106 653 2190; x_wconf 91' lang='lat' dir='ltr'><strong>protendunt</strong></span> <span class='ocrx_word' id='word_1_78' title='bbox 668 2110 820 2172; x_wconf 86' lang='lat' dir='ltr'><strong>terminos</strong></span> <span class='ocrx_word' id='word_1_79' title='bbox 835 2129 921 2186; x_wconf 90' lang='lat' dir='ltr'><strong>suos,</strong></span> <span class='ocrx_word' id='word_1_80' title='bbox 937 2120 970 2173; x_wconf 91' lang='lat' dir='ltr'><strong>et</strong></span> <span class='ocrx_word' id='word_1_81' title='bbox 984 2109 1103 2189; x_wconf 88' lang='lat' dir='ltr'><strong>egressi</strong></span> <span class='ocrx_word' id='word_1_82' title='bbox 1119 2108 1160 2171; x_wconf 88' lang='lat' dir='ltr'><strong>de</strong></span> <span class='ocrx_word' id='word_1_83' title='bbox 1175 2109 1317 2173; x_wconf 82' lang='lat' dir='ltr'><strong>cavernis</strong></span> <span class='ocrx_word' id='word_1_84' title='bbox 1333 2109 1409 2187; x_wconf 89' lang='lat' dir='ltr'><strong>suis,</strong></span> 
     </span>
     <span class='ocr_line' id='line_1_14' title="bbox 457 2207 1409 2292; baseline 0.003 -23"><span class='ocrx_word' id='word_1_85' title='bbox 457 2207 653 2291; x_wconf 79' lang='lat' dir='ltr'><strong>latebrisque</strong></span> <span class='ocrx_word' id='word_1_86' title='bbox 676 2211 837 2285; x_wconf 78' lang='lat' dir='ltr'><strong>siluarum,</strong></span> <span class='ocrx_word' id='word_1_87' title='bbox 851 2211 948 2292; x_wconf 90' lang='lat' dir='ltr'><strong>plana</strong></span> <span class='ocrx_word' id='word_1_88' title='bbox 970 2220 1143 2291; x_wconf 89' lang='lat' dir='ltr'><strong>occupant,</strong></span> <span class='ocrx_word' id='word_1_89' title='bbox 1157 2208 1315 2271; x_wconf 91' lang='lat' dir='ltr'><strong>nobilium</strong></span> <span class='ocrx_word' id='word_1_90' title='bbox 1336 2231 1409 2292; x_wconf 87' lang='lat' dir='ltr'><strong>pro·</strong></span> 
     </span>
     <span class='ocr_line' id='line_1_15' title="bbox 459 2308 1411 2392; baseline 0.003 -23"><span class='ocrx_word' id='word_1_91' title='bbox 459 2327 566 2372; x_wconf 91' lang='lat' dir='ltr'><strong>oerum</strong></span> <span class='ocrx_word' id='word_1_92' title='bbox 595 2308 777 2372; x_wconf 83' lang='lat' dir='ltr'><strong>videntibus</strong></span> <span class='ocrx_word' id='word_1_93' title='bbox 805 2308 884 2392; x_wconf 87' lang='lat' dir='ltr'><strong>ipsis</strong></span> <span class='ocrx_word' id='word_1_94' title='bbox 919 2310 1120 2392; x_wconf 82' lang='lat' dir='ltr'><strong>impugnant,</strong></span> <span class='ocrx_word' id='word_1_95' title='bbox 1151 2321 1348 2390; x_wconf 84' lang='lat' dir='ltr'><strong>expugnant,</strong></span> <span class='ocrx_word' id='word_1_96' title='bbox 1379 2319 1411 2372; x_wconf 91' lang='lat' dir='ltr'><strong>et</strong></span> 
     </span>
     <span class='ocr_line' id='line_1_16' title="bbox 460 2408 1410 2494; baseline 0.002 -24"><span class='ocrx_word' id='word_1_97' title='bbox 460 2408 598 2489; x_wconf 85' lang='lat' dir='ltr'><strong>diruunt,</strong></span> <span class='ocrx_word' id='word_1_98' title='bbox 625 2423 679 2474; x_wconf 92' lang='lat' dir='ltr'><strong>aut</strong></span> <span class='ocrx_word' id='word_1_99' title='bbox 705 2412 769 2475; x_wconf 88' lang='lat' dir='ltr'><strong>sibi</strong></span> <span class='ocrx_word' id='word_1_100' title='bbox 795 2411 933 2474; x_wconf 84' lang='lat' dir='ltr'><strong>retinent</strong></span> <span class='ocrx_word' id='word_1_101' title='bbox 957 2411 1161 2488; x_wconf 86' lang='lat' dir='ltr'><strong>munitiones,</strong></span> <span class='ocrx_word' id='word_1_102' title='bbox 1185 2432 1224 2473; x_wconf 93' lang='lat' dir='ltr'><strong>eo</strong></span> <span class='ocrx_word' id='word_1_103' title='bbox 1248 2409 1336 2494; x_wconf 87' lang='lat' dir='ltr'><strong>quod</strong></span> <span class='ocrx_word' id='word_1_104' title='bbox 1356 2411 1410 2493; x_wconf 91' lang='lat' dir='ltr'><strong>ju·</strong></span> 
     </span>
     <span class='ocr_line' id='line_1_17' title="bbox 459 2522 691 2576; baseline 0.026 -6"><span class='ocrx_word' id='word_1_105' title='bbox 459 2522 567 2574; x_wconf 81' lang='lat' dir='ltr'><strong>ventus</strong></span> <span class='ocrx_word' id='word_1_106' title='bbox 583 2522 691 2576; x_wconf 90' lang='lat' dir='ltr'><strong>nostra</strong></span> 
     </span>
    </p>

    <p class='ocr_par' dir='ltr' id='par_1_5' title="bbox 668 2621 1192 2689">
     <span class='ocr_line' id='line_1_18' title="bbox 668 2621 1192 2689; baseline -0.004 -16"><span class='ocrx_word' id='word_1_107' title='bbox 668 2623 841 2686; x_wconf 85' lang='lat' dir='ltr'><strong>—Quae</strong></span> <span class='ocrx_word' id='word_1_108' title='bbox 853 2627 922 2674; x_wconf 87' lang='lat' dir='ltr'><strong>tecto</strong></span> <span class='ocrx_word' id='word_1_109' title='bbox 935 2622 1034 2689; x_wconf 87' lang='lat' dir='ltr'><strong>gaudet</strong></span> <span class='ocrx_word' id='word_1_110' title='bbox 1046 2628 1074 2674; x_wconf 90' lang='lat' dir='ltr'><strong>et</strong></span> <span class='ocrx_word' id='word_1_111' title='bbox 1085 2621 1192 2681; x_wconf 82' lang='lat' dir='ltr'><strong>umbris,</strong></span> 
     </span>
    </p>
   </div>
   <div class='ocr_carea' id='block_1_3' title="bbox 456 2723 1412 4423">
    <p class='ocr_par' dir='ltr' id='par_1_6' title="bbox 456 2723 1412 4423">
     <span class='ocr_line' id='line_1_19' title="bbox 459 2723 1412 2806; baseline 0 -20"><span class='ocrx_word' id='word_1_112' title='bbox 459 2734 536 2786; x_wconf 90' lang='lat' dir='ltr'><strong>nata</strong></span> <span class='ocrx_word' id='word_1_113' title='bbox 551 2724 656 2806; x_wconf 80' lang='lat' dir='ltr'><strong>surges</strong></span> <span class='ocrx_word' id='word_1_114' title='bbox 668 2746 864 2801; x_wconf 87' lang='lat' dir='ltr'><strong>consumere,</strong></span> <span class='ocrx_word' id='word_1_115' title='bbox 875 2727 908 2786; x_wconf 91' lang='lat' dir='ltr'><strong>in</strong></span> <span class='ocrx_word' id='word_1_116' title='bbox 922 2726 1030 2787; x_wconf 90' lang='lat' dir='ltr'><strong>lucem</strong></span> <span class='ocrx_word' id='word_1_117' title='bbox 1047 2724 1219 2800; x_wconf 86' lang='lat' dir='ltr'><strong>dormiens,</strong></span> <span class='ocrx_word' id='word_1_118' title='bbox 1230 2723 1412 2786; x_wconf 86' lang='lat' dir='ltr'><strong>scortationi</strong></span> 
     </span>
     <span class='ocr_line' id='line_1_20' title="bbox 461 2825 1412 2908; baseline -0.002 -20"><span class='ocrx_word' id='word_1_119' title='bbox 461 2827 596 2888; x_wconf 90' lang='lat' dir='ltr'><strong>honesta</strong></span> <span class='ocrx_word' id='word_1_120' title='bbox 614 2836 814 2908; x_wconf 78' lang='lat' dir='ltr'><strong>postponens</strong></span> <span class='ocrx_word' id='word_1_121' title='bbox 837 2826 955 2902; x_wconf 90' lang='lat' dir='ltr'><strong>officia,</strong></span> <span class='ocrx_word' id='word_1_122' title='bbox 970 2835 1038 2887; x_wconf 88' lang='lat' dir='ltr'><strong>tota</strong></span> <span class='ocrx_word' id='word_1_123' title='bbox 1054 2825 1105 2887; x_wconf 89' lang='lat' dir='ltr'><strong>die</strong></span> <span class='ocrx_word' id='word_1_124' title='bbox 1128 2825 1286 2887; x_wconf 87' lang='lat' dir='ltr'><strong>insectans</strong></span> <span class='ocrx_word' id='word_1_125' title='bbox 1303 2826 1412 2908; x_wconf 72' lang='lat' dir='ltr'><strong>volup-</strong></span> 
     </span>
     <span class='ocr_line' id='line_1_21' title="bbox 459 2928 1410 3011; baseline -0.002 -19"><span class='ocrx_word' id='word_1_126' title='bbox 459 2938 570 3005; x_wconf 88' lang='lat' dir='ltr'><strong>tatem,</strong></span> <span class='ocrx_word' id='word_1_127' title='bbox 586 2928 752 3003; x_wconf 91' lang='lat' dir='ltr'><strong>citharam,</strong></span> <span class='ocrx_word' id='word_1_128' title='bbox 767 2929 879 3011; x_wconf 77' lang='lat' dir='ltr'><strong>lyram,</strong></span> <span class='ocrx_word' id='word_1_129' title='bbox 900 2939 934 2991; x_wconf 91' lang='lat' dir='ltr'><strong>et</strong></span> <span class='ocrx_word' id='word_1_130' title='bbox 956 2937 1153 3010; x_wconf 81' lang='lat' dir='ltr'><strong>tympanum,</strong></span> <span class='ocrx_word' id='word_1_131' title='bbox 1174 2937 1206 2990; x_wconf 91' lang='lat' dir='ltr'><strong>et</strong></span> <span class='ocrx_word' id='word_1_132' title='bbox 1227 2948 1337 2990; x_wconf 87' lang='lat' dir='ltr'><strong>vocem</strong></span> <span class='ocrx_word' id='word_1_133' title='bbox 1361 2948 1410 2990; x_wconf 91' lang='lat' dir='ltr'><strong>or·</strong></span> 
     </span>
     <span class='ocr_line' id='line_1_22' title="bbox 460 3031 1411 3115; baseline 0.001 -21"><span class='ocrx_word' id='word_1_134' title='bbox 460 3032 534 3113; x_wconf 91' lang='lat' dir='ltr'><strong>gani</strong></span> <span class='ocrx_word' id='word_1_135' title='bbox 556 3032 589 3095; x_wconf 89' lang='lat' dir='ltr'><strong>iu</strong></span> <span class='ocrx_word' id='word_1_136' title='bbox 614 3033 769 3096; x_wconf 82' lang='lat' dir='ltr'><strong>conviviis</strong></span> <span class='ocrx_word' id='word_1_137' title='bbox 791 3033 892 3115; x_wconf 85' lang='lat' dir='ltr'><strong>magis</strong></span> <span class='ocrx_word' id='word_1_138' title='bbox 918 3031 1075 3111; x_wconf 88' lang='lat' dir='ltr'><strong>agnoscit,</strong></span> <span class='ocrx_word' id='word_1_139' title='bbox 1097 3052 1194 3114; x_wconf 89' lang='lat' dir='ltr'><strong>quam</strong></span> <span class='ocrx_word' id='word_1_140' title='bbox 1219 3031 1332 3094; x_wconf 91' lang='lat' dir='ltr'><strong>lituum</strong></span> <span class='ocrx_word' id='word_1_141' title='bbox 1355 3044 1411 3096; x_wconf 91' lang='lat' dir='ltr'><strong>aut</strong></span> 
     </span>
     <span class='ocr_line' id='line_1_23' title="bbox 461 3132 1412 3215; baseline 0.002 -20"><span class='ocrx_word' id='word_1_142' title='bbox 461 3132 568 3195; x_wconf 91' lang='lat' dir='ltr'><strong>tubam</strong></span> <span class='ocrx_word' id='word_1_143' title='bbox 591 3133 625 3195; x_wconf 90' lang='lat' dir='ltr'><strong>in</strong></span> <span class='ocrx_word' id='word_1_144' title='bbox 648 3133 772 3196; x_wconf 87' lang='lat' dir='ltr'><strong>castris.</strong></span> <span class='ocrx_word' id='word_1_145' title='bbox 817 3134 856 3196; x_wconf 92' lang='lat' dir='ltr'><strong>ln</strong></span> <span class='ocrx_word' id='word_1_146' title='bbox 881 3154 944 3215; x_wconf 88' lang='lat' dir='ltr'><strong>qua</strong></span> <span class='ocrx_word' id='word_1_147' title='bbox 967 3144 1107 3196; x_wconf 85' lang='lat' dir='ltr'><strong>autnon</strong></span> <span class='ocrx_word' id='word_1_148' title='bbox 1130 3132 1200 3208; x_wconf 82' lang='lat' dir='ltr'><strong>fuit,</strong></span> <span class='ocrx_word' id='word_1_149' title='bbox 1220 3144 1275 3196; x_wconf 89' lang='lat' dir='ltr'><strong>aut</strong></span> <span class='ocrx_word' id='word_1_150' title='bbox 1297 3134 1412 3197; x_wconf 84' lang='lat' dir='ltr'><strong>erravit</strong></span> 
     </span>
     <span class='ocr_line' id='line_1_24' title="bbox 459 3233 1412 3316; baseline -0.001 -18"><span class='ocrx_word' id='word_1_151' title='bbox 459 3235 553 3299; x_wconf 90' lang='lat' dir='ltr'><strong>ducis</strong></span> <span class='ocrx_word' id='word_1_152' title='bbox 576 3235 701 3307; x_wconf 89' lang='lat' dir='ltr'><strong>electio,</strong></span> <span class='ocrx_word' id='word_1_153' title='bbox 716 3237 855 3299; x_wconf 87' lang='lat' dir='ltr'><strong>cessavit</strong></span> <span class='ocrx_word' id='word_1_154' title='bbox 877 3245 932 3297; x_wconf 87' lang='lat' dir='ltr'><strong>aut</strong></span> <span class='ocrx_word' id='word_1_155' title='bbox 954 3235 1077 3316; x_wconf 83' lang='lat' dir='ltr'><strong>languit</strong></span> <span class='ocrx_word' id='word_1_156' title='bbox 1100 3233 1282 3316; x_wconf 89' lang='lat' dir='ltr'><strong>disciplina.</strong></span> <span class='ocrx_word' id='word_1_157' title='bbox 1327 3236 1412 3297; x_wconf 90' lang='lat' dir='ltr'><strong>Nam</strong></span> 
     </span>
     <span class='ocr_line' id='line_1_25' title="bbox 460 3334 1412 3418; baseline -0.002 -19"><span class='ocrx_word' id='word_1_158' title='bbox 460 3337 487 3399; x_wconf 88' lang='lat' dir='ltr'><strong>si</strong></span> <span class='ocrx_word' id='word_1_159' title='bbox 504 3356 634 3398; x_wconf 90' lang='lat' dir='ltr'><strong>manum</strong></span> <span class='ocrx_word' id='word_1_160' title='bbox 650 3355 814 3397; x_wconf 85' lang='lat' dir='ltr'><strong>conserere</strong></span> <span class='ocrx_word' id='word_1_161' title='bbox 829 3345 984 3417; x_wconf 87' lang='lat' dir='ltr'><strong>oporteat,</strong></span> <span class='ocrx_word' id='word_1_162' title='bbox 998 3335 1033 3397; x_wconf 91' lang='lat' dir='ltr'><strong>in</strong></span> <span class='ocrx_word' id='word_1_163' title='bbox 1050 3346 1206 3396; x_wconf 88' lang='lat' dir='ltr'><strong>armatura</strong></span> <span class='ocrx_word' id='word_1_164' title='bbox 1219 3334 1279 3396; x_wconf 82' lang='lat' dir='ltr'><strong>leui</strong></span> <span class='ocrx_word' id='word_1_165' title='bbox 1300 3355 1412 3418; x_wconf 86' lang='lat' dir='ltr'><strong>parum</strong></span> 
     </span>
     <span class='ocr_line' id='line_1_26' title="bbox 459 3433 1411 3515; baseline 0.003 -16"><span class='ocrx_word' id='word_1_166' title='bbox 459 3436 582 3499; x_wconf 88' lang='lat' dir='ltr'><strong>habent</strong></span> <span class='ocrx_word' id='word_1_167' title='bbox 597 3433 736 3510; x_wconf 75' lang='lat' dir='ltr'><strong>fiduciae,</strong></span> <span class='ocrx_word' id='word_1_168' title='bbox 750 3445 782 3496; x_wconf 89' lang='lat' dir='ltr'><strong>et</strong></span> <span class='ocrx_word' id='word_1_169' title='bbox 796 3435 829 3496; x_wconf 93' lang='lat' dir='ltr'><strong>in</strong></span> <span class='ocrx_word' id='word_1_170' title='bbox 845 3433 933 3515; x_wconf 86' lang='lat' dir='ltr'><strong>gravi</strong></span> <span class='ocrx_word' id='word_1_171' title='bbox 944 3435 1109 3497; x_wconf 91' lang='lat' dir='ltr'><strong>minimum</strong></span> <span class='ocrx_word' id='word_1_172' title='bbox 1121 3434 1299 3500; x_wconf 85' lang='lat' dir='ltr'><strong>alacritatis.</strong></span> <span class='ocrx_word' id='word_1_173' title='bbox 1336 3438 1411 3502; x_wconf 85' lang='lat' dir='ltr'><strong>Hau</strong></span> 
     </span>
     <span class='ocr_line' id='line_1_27' title="bbox 459 3534 1412 3620; baseline 0.001 -18"><span class='ocrx_word' id='word_1_174' title='bbox 459 3538 569 3620; x_wconf 89' lang='lat' dir='ltr'><strong>itaque</strong></span> <span class='ocrx_word' id='word_1_175' title='bbox 592 3547 764 3600; x_wconf 85' lang='lat' dir='ltr'><strong>onerantur</strong></span> <span class='ocrx_word' id='word_1_176' title='bbox 786 3547 821 3598; x_wconf 92' lang='lat' dir='ltr'><strong>ut</strong></span> <span class='ocrx_word' id='word_1_177' title='bbox 846 3535 970 3599; x_wconf 88' lang='lat' dir='ltr'><strong>hostem</strong></span> <span class='ocrx_word' id='word_1_178' title='bbox 993 3534 1084 3618; x_wconf 91' lang='lat' dir='ltr'><strong>sequi</strong></span> <span class='ocrx_word' id='word_1_179' title='bbox 1110 3556 1174 3599; x_wconf 93' lang='lat' dir='ltr'><strong>non</strong></span> <span class='ocrx_word' id='word_1_180' title='bbox 1201 3538 1334 3618; x_wconf 89' lang='lat' dir='ltr'><strong>possint,</strong></span> <span class='ocrx_word' id='word_1_181' title='bbox 1356 3539 1412 3603; x_wconf 85' lang='lat' dir='ltr'><strong>illa</strong></span> 
     </span>
     <span class='ocr_line' id='line_1_28' title="bbox 458 3635 1411 3722; baseline 0.001 -19"><span class='ocrx_word' id='word_1_182' title='bbox 458 3638 691 3713; x_wconf 86' lang='lat' dir='ltr'><strong>exanimantur,</strong></span> <span class='ocrx_word' id='word_1_183' title='bbox 718 3648 753 3700; x_wconf 90' lang='lat' dir='ltr'><strong>ut</strong></span> <span class='ocrx_word' id='word_1_184' title='bbox 781 3658 855 3700; x_wconf 90' lang='lat' dir='ltr'><strong>eum</strong></span> <span class='ocrx_word' id='word_1_185' title='bbox 887 3648 1037 3721; x_wconf 90' lang='lat' dir='ltr'><strong>tanquam</strong></span> <span class='ocrx_word' id='word_1_186' title='bbox 1063 3635 1103 3700; x_wconf 90' lang='lat' dir='ltr'><strong>ad</strong></span> <span class='ocrx_word' id='word_1_187' title='bbox 1131 3638 1246 3701; x_wconf 78' lang='lat' dir='ltr'><strong>vulnus</strong></span> <span class='ocrx_word' id='word_1_188' title='bbox 1272 3640 1411 3722; x_wconf 85' lang='lat' dir='ltr'><strong>expositi</strong></span> 
     </span>
     <span class='ocr_line' id='line_1_29' title="bbox 456 3735 1409 3821; baseline 0.002 -20"><span class='ocrx_word' id='word_1_189' title='bbox 456 3749 620 3821; x_wconf 82' lang='lat' dir='ltr'><strong>nequeant</strong></span> <span class='ocrx_word' id='word_1_190' title='bbox 634 3735 800 3799; x_wconf 88' lang='lat' dir='ltr'><strong>sustinere.</strong></span> <span class='ocrx_word' id='word_1_191' title='bbox 844 3736 1092 3818; x_wconf 89' lang='lat' dir='ltr'><strong>Depopulantur</strong></span> <span class='ocrx_word' id='word_1_192' title='bbox 1105 3735 1152 3799; x_wconf 91' lang='lat' dir='ltr'><strong>illi</strong></span> <span class='ocrx_word' id='word_1_193' title='bbox 1169 3736 1250 3800; x_wconf 87' lang='lat' dir='ltr'><strong>fines</strong></span> <span class='ocrx_word' id='word_1_194' title='bbox 1265 3749 1409 3803; x_wconf 87' lang='lat' dir='ltr'><strong>nostros:</strong></span> 
     </span>
     <span class='ocr_line' id='line_1_30' title="bbox 458 3836 1409 3922; baseline 0 -19"><span class='ocrx_word' id='word_1_195' title='bbox 458 3839 535 3903; x_wconf 92' lang='lat' dir='ltr'><strong>dum</strong></span> <span class='ocrx_word' id='word_1_196' title='bbox 551 3838 705 3922; x_wconf 81' lang='lat' dir='ltr'><strong>juventus</strong></span> <span class='ocrx_word' id='word_1_197' title='bbox 727 3849 834 3901; x_wconf 85' lang='lat' dir='ltr'><strong>nostra</strong></span> <span class='ocrx_word' id='word_1_198' title='bbox 857 3838 1029 3913; x_wconf 87' lang='lat' dir='ltr'><strong>instruitur,</strong></span> <span class='ocrx_word' id='word_1_199' title='bbox 1050 3849 1082 3900; x_wconf 92' lang='lat' dir='ltr'><strong>et</strong></span> <span class='ocrx_word' id='word_1_200' title='bbox 1104 3836 1179 3900; x_wconf 89' lang='lat' dir='ltr'><strong>dum</strong></span> <span class='ocrx_word' id='word_1_201' title='bbox 1202 3839 1295 3903; x_wconf 90' lang='lat' dir='ltr'><strong>nobis</strong></span> <span class='ocrx_word' id='word_1_202' title='bbox 1316 3841 1409 3905; x_wconf 90' lang='lat' dir='ltr'><strong>miles</strong></span> 
     </span>
     <span class='ocr_line' id='line_1_31' title="bbox 458 3937 1410 4018; baseline 0.002 -15"><span class='ocrx_word' id='word_1_203' title='bbox 458 3949 608 4012; x_wconf 88' lang='lat' dir='ltr'><strong>armatur,</strong></span> <span class='ocrx_word' id='word_1_204' title='bbox 631 3938 734 4000; x_wconf 90' lang='lat' dir='ltr'><strong>hostis</strong></span> <span class='ocrx_word' id='word_1_205' title='bbox 756 3938 871 4016; x_wconf 86' lang='lat' dir='ltr'><strong>evadit,</strong></span> <span class='ocrx_word' id='word_1_206' title='bbox 895 3948 937 4015; x_wconf 88' lang='lat' dir='ltr'><strong>et,</strong></span> <span class='ocrx_word' id='word_1_207' title='bbox 953 3947 989 4000; x_wconf 91' lang='lat' dir='ltr'><strong>ut</strong></span> <span class='ocrx_word' id='word_1_208' title='bbox 1012 3937 1078 4001; x_wconf 91' lang='lat' dir='ltr'><strong>dici</strong></span> <span class='ocrx_word' id='word_1_209' title='bbox 1101 3940 1193 4018; x_wconf 89' lang='lat' dir='ltr'><strong>solet,</strong></span> <span class='ocrx_word' id='word_1_210' title='bbox 1216 3939 1292 4003; x_wconf 91' lang='lat' dir='ltr'><strong>dum</strong></span> <span class='ocrx_word' id='word_1_211' title='bbox 1320 3943 1410 4005; x_wconf 90' lang='lat' dir='ltr'><strong>canis</strong></span> 
     </span>
     <span class='ocr_line' id='line_1_32' title="bbox 458 4039 1411 4125; baseline 0.001 -21"><span class='ocrx_word' id='word_1_212' title='bbox 458 4043 614 4118; x_wconf 85' lang='lat' dir='ltr'><strong>mussitat,</strong></span> <span class='ocrx_word' id='word_1_213' title='bbox 637 4051 722 4103; x_wconf 86' lang='lat' dir='ltr'><strong>tutas</strong></span> <span class='ocrx_word' id='word_1_214' title='bbox 747 4040 884 4102; x_wconf 88' lang='lat' dir='ltr'><strong>latebras</strong></span> <span class='ocrx_word' id='word_1_215' title='bbox 909 4039 1083 4121; x_wconf 88' lang='lat' dir='ltr'><strong>ingreditur</strong></span> <span class='ocrx_word' id='word_1_216' title='bbox 1108 4043 1213 4125; x_wconf 89' lang='lat' dir='ltr'><strong>lupus.</strong></span> <span class='ocrx_word' id='word_1_217' title='bbox 1259 4045 1334 4106; x_wconf 93' lang='lat' dir='ltr'><strong>Non</strong></span> <span class='ocrx_word' id='word_1_218' title='bbox 1361 4052 1411 4105; x_wconf 90' lang='lat' dir='ltr'><strong>est</strong></span> 
     </span>
     <span class='ocr_line' id='line_1_33' title="bbox 461 4140 1410 4228; baseline -0.003 -23"><span class='ocrx_word' id='word_1_219' title='bbox 461 4143 514 4225; x_wconf 91' lang='lat' dir='ltr'><strong>qui</strong></span> <span class='ocrx_word' id='word_1_220' title='bbox 531 4140 783 4225; x_wconf 86' lang='lat' dir='ltr'><strong>comprehendat</strong></span> <span class='ocrx_word' id='word_1_221' title='bbox 799 4141 980 4213; x_wconf 85' lang='lat' dir='ltr'><strong>abeuntem,</strong></span> <span class='ocrx_word' id='word_1_222' title='bbox 996 4152 1051 4204; x_wconf 89' lang='lat' dir='ltr'><strong>aut</strong></span> <span class='ocrx_word' id='word_1_223' title='bbox 1070 4143 1256 4228; x_wconf 88' lang='lat' dir='ltr'><strong>insequatur</strong></span> <span class='ocrx_word' id='word_1_224' title='bbox 1274 4143 1410 4219; x_wconf 87' lang='lat' dir='ltr'><strong>hostem,</strong></span> 
     </span>
     <span class='ocr_line' id='line_1_34' title="bbox 461 4240 1410 4328; baseline 0.002 -23"><span class='ocrx_word' id='word_1_225' title='bbox 461 4242 600 4328; x_wconf 87' lang='lat' dir='ltr'><strong>eoquod</strong></span> <span class='ocrx_word' id='word_1_226' title='bbox 616 4240 789 4325; x_wconf 88' lang='lat' dir='ltr'><strong>impeditus</strong></span> <span class='ocrx_word' id='word_1_227' title='bbox 804 4263 865 4306; x_wconf 91' lang='lat' dir='ltr'><strong>nec</strong></span> <span class='ocrx_word' id='word_1_228' title='bbox 886 4243 1015 4320; x_wconf 86' lang='lat' dir='ltr'><strong>sufficit,</strong></span> <span class='ocrx_word' id='word_1_229' title='bbox 1030 4264 1091 4306; x_wconf 87' lang='lat' dir='ltr'><strong>nec</strong></span> <span class='ocrx_word' id='word_1_230' title='bbox 1112 4245 1239 4326; x_wconf 86' lang='lat' dir='ltr'><strong>proficit</strong></span> <span class='ocrx_word' id='word_1_231' title='bbox 1259 4241 1410 4307; x_wconf 80' lang='lat' dir='ltr'><strong>adsersus</strong></span> 
     </span>
     <span class='ocr_line' id='line_1_35' title="bbox 462 4343 1409 4423; baseline 0.005 -19"><span class='ocrx_word' id='word_1_232' title='bbox 462 4343 658 4423; x_wconf 83' lang='lat' dir='ltr'><strong>expeditum.</strong></span> <span class='ocrx_word' id='word_1_233' title='bbox 704 4345 764 4407; x_wconf 91' lang='lat' dir='ltr'><strong>llle</strong></span> <span class='ocrx_word' id='word_1_234' title='bbox 790 4355 896 4406; x_wconf 90' lang='lat' dir='ltr'><strong>tamen</strong></span> <span class='ocrx_word' id='word_1_235' title='bbox 923 4365 988 4406; x_wconf 91' lang='lat' dir='ltr'><strong>non</strong></span> <span class='ocrx_word' id='word_1_236' title='bbox 1019 4363 1191 4416; x_wconf 89' lang='lat' dir='ltr'><strong>murorum,</strong></span> <span class='ocrx_word' id='word_1_237' title='bbox 1218 4343 1409 4410; x_wconf 79' lang='lat' dir='ltr'><strong>fossarumve</strong></span> 
     </span>
    </p>
   </div>
   <div class='ocr_carea' id='block_1_4' title="bbox 461 4441 1411 4605">
    <p class='ocr_par' dir='ltr' id='par_1_7' title="bbox 461 4441 1411 4605">
     <span class='ocr_line' id='line_1_36' title="bbox 461 4441 1411 4527; baseline 0.005 -23"><span class='ocrx_word' id='word_1_238' title='bbox 461 4441 543 4526; x_wconf 87' lang='lat' dir='ltr'><strong>petit</strong></span> <span class='ocrx_word' id='word_1_239' title='bbox 557 4441 714 4524; x_wconf 86' lang='lat' dir='ltr'><strong>praesidia,</strong></span> <span class='ocrx_word' id='word_1_240' title='bbox 727 4442 783 4507; x_wconf 89' lang='lat' dir='ltr'><strong>sed</strong></span> <span class='ocrx_word' id='word_1_241' title='bbox 799 4444 906 4507; x_wconf 87' lang='lat' dir='ltr'><strong>locum</strong></span> <span class='ocrx_word' id='word_1_242' title='bbox 923 4444 978 4527; x_wconf 91' lang='lat' dir='ltr'><strong>qui</strong></span> <span class='ocrx_word' id='word_1_243' title='bbox 995 4441 1089 4505; x_wconf 86' lang='lat' dir='ltr'><strong>militi</strong></span> <span class='ocrx_word' id='word_1_244' title='bbox 1105 4461 1187 4520; x_wconf 89' lang='lat' dir='ltr'><strong>meo,</strong></span> <span class='ocrx_word' id='word_1_245' title='bbox 1199 4443 1282 4509; x_wconf 86' lang='lat' dir='ltr'><strong>sicut</strong></span> <span class='ocrx_word' id='word_1_246' title='bbox 1292 4458 1323 4509; x_wconf 90' lang='lat' dir='ltr'><strong>et</strong></span> <span class='ocrx_word' id='word_1_247' title='bbox 1337 4448 1411 4526; x_wconf 90' lang='lat' dir='ltr'><strong>sibi,</strong></span> 
     </span>
     <span class='ocr_line' id='line_1_37' title="bbox 508 4559 946 4605; baseline 0.005 -3"><span class='ocrx_word' id='word_1_248' title='bbox 508 4559 578 4604; x_wconf 81' lang='lat' dir='ltr'><strong>von.</strong></span> <span class='ocrx_word' id='word_1_249' title='bbox 596 4560 640 4605; x_wconf 85' lang='lat' dir='ltr'><strong>rv.</strong></span> <span class='ocrx_word' id='word_1_250' title='bbox 927 4561 946 4604; x_wconf 91' lang='lat' dir='ltr'><strong>o</strong></span> 
     </span>
    </p>
   </div>
   <div class='ocr_carea' id='block_1_5' title="bbox 0 0 2046 5634">
    <p class='ocr_par' dir='ltr' id='par_1_8' title="bbox 0 0 2046 5634">
     <span class='ocr_line' id='line_1_38' title="bbox 0 0 2046 5634; baseline 0 0"><span class='ocrx_word' id='word_1_251' title='bbox 0 0 2046 5634; x_wconf 95' lang='lat' dir='ltr'><strong> </strong></span> 
     </span>
    </p>
   </div>
  </div>
 </body>
</html>
