4084 5634
477 848 547 892 car.
562 830 659 910 xvia]
826 847 1079 893 rocrcnarrcos.
1368 834 1431 892 318

478 1022 541 1073 eas,
572 1009 605 1062 et
633 997 787 1062 accubare
819 998 944 1074 faciam,
974 996 1062 1084 quod
1094 996 1230 1082 perierat
1260 998 1432 1084 requiram,

478 1097 565 1183 quod
577 1098 736 1183 abjectum
752 1112 820 1162 erat
832 1098 991 1169 reducam,
1005 1095 1095 1183 quod
1104 1097 1301 1162 confractum
1313 1098 1431 1173 luerat,

478 1198 627 1285 alligabo,
643 1213 676 1264 et
691 1200 779 1286 quod
795 1200 956 1264 infirmum
972 1209 1051 1278 erat,
1066 1200 1280 1280 consolidabo,
1295 1213 1326 1264 et
1344 1200 1430 1286 quod
1502 1286 1506 1290 ι

478 1301 597 1386 pingue
612 1315 644 1366 et
660 1302 753 1380 forte,
767 1300 957 1365 custodiam.
995 1302 1078 1364 Hoec
1092 1314 1139 1364 est
1156 1304 1240 1366 enim
1255 1300 1431 1388 diligentia,

479 1424 542 1489 qua
555 1402 706 1486 gregibus
721 1402 839 1466 debent
853 1400 1018 1485 invigilare
1029 1413 1182 1485 pastores.
1221 1403 1313 1478 Quod
1325 1413 1431 1469 autem

478 1502 655 1587 subjungit,
680 1504 724 1566 Et
747 1524 874 1589 pascam
896 1501 966 1565 illas
987 1501 1020 1564 in
1043 1502 1168 1587 judicio
1187 1515 1219 1566 et
1238 1504 1378 1588 justitia,
1401 1505 1431 1569 ei

478 1605 590 1689 utique
616 1604 786 1690 respondet
805 1603 892 1689 quod
908 1603 1074 1690 praemisit,
1091 1603 1145 1666 sed
1161 1626 1234 1667 cum
1250 1606 1432 1671 austeritate

478 1705 683 1792 imperabatis
697 1706 743 1769 eis
757 1719 788 1770 et
804 1728 876 1769 cum
894 1706 1048 1791 potentia.
1095 1705 1256 1791 Scriptum
1273 1718 1320 1771 est
1335 1706 1430 1782 enim,

478 1811 555 1893 quia
574 1807 700 1893 pondus
717 1820 749 1871 et
770 1806 908 1893 pondus,
922 1830 1070 1871 mensura
1085 1819 1117 1870 et
1132 1829 1291 1882 mensura,
1307 1820 1432 1873 utrum·
1539 1857 1546 1872 .

480 1931 544 1995 que
569 1908 780 1974 abominabile
806 1921 853 1973 est
883 1908 970 1995 apud
1001 1911 1118 1973 Deum.
1163 1910 1260 1992 Apud
1290 1908 1432 1974 homines

478 2024 583 2074 tamen
607 2010 663 2096 qui
689 2012 936 2094 negotiationem
963 2022 1125 2086 exercent,
1147 2009 1278 2094 grandis
1304 2009 1432 2074 videtur

478 2135 545 2176 esse
563 2111 752 2198 prudentiae,
772 2111 827 2176 sed
850 2123 955 2175 tamen
976 2110 1108 2189 illicitae,
1125 2130 1199 2197 quae
1221 2108 1378 2174 calliditas
1399 2123 1432 2175 et

479 2211 572 2277 dolus
586 2226 648 2290 est,
663 2215 689 2277 si
704 2213 767 2277 alio
782 2211 922 2299 pondere
939 2211 987 2274 vel
1004 2232 1151 2275 mensura
1166 2232 1225 2275 sua
1242 2210 1432 2291 distrahant,

477 2329 509 2378 et
524 2314 594 2378 aliis
608 2326 791 2401 comparent
806 2312 918 2377 aliena.
964 2314 1011 2377 At
1032 2311 1063 2375 in
1086 2311 1218 2397 praelato
1233 2316 1316 2377 ratio
1330 2312 1431 2398 exigit

478 2416 651 2502 equitatis,
666 2429 702 2481 ut
723 2414 811 2500 quod
834 2415 904 2478 aliis
925 2416 1062 2498 imponit
1082 2434 1174 2491 onus,
1189 2412 1256 2497 ipse
1271 2414 1432 2498 praeferat,

478 2532 510 2581 et
536 2515 622 2602 quod
649 2515 762 2579 docere
792 2513 941 2590 voluerit,
967 2534 1063 2598 opere
1089 2511 1218 2576 studeat
1247 2511 1430 2599 adimplere.

480 2619 552 2681 Hoc
567 2634 614 2681 est
629 2617 712 2680 onim
733 2616 766 2678 in
781 2615 906 2700 judicio
925 2628 957 2678 et
975 2614 1103 2698 justitia
1118 2635 1256 2698 pascere,
1272 2626 1304 2678 et
1320 2636 1382 2678 non
1398 2613 1430 2677 in

478 2718 704 2783 austeritateet
714 2716 856 2803 potentia
866 2715 1032 2801 imperare.
1071 2713 1163 2791 Quod
1174 2717 1287 2798 utique
1298 2714 1429 2792 iaciunt,

479 2822 536 2905 qui
559 2820 699 2885 humeris
721 2818 884 2884 hominum
908 2817 1043 2902 alligant
1065 2839 1162 2881 onera
1183 2815 1293 2901 gravia
1317 2829 1350 2882 et
1373 2817 1431 2882 im·
1486 2819 1488 2825 ’

479 2921 660 3008 portabilia,
672 2934 704 2987 et
719 2921 823 3008 digito
832 2942 890 2983 suo
901 2943 938 2983 ea
948 2919 1132 3005 contingere
1142 2929 1298 2983 recusant.
1333 2919 1430 2984 Unde

479 3024 638 3111 sequitur:
671 3027 716 3088 Et
731 3043 833 3109 quum
851 3022 1055 3109 purissimam
1075 3043 1192 3106 aquam
1208 3020 1369 3099 biberetis,
1383 3043 1432 3086 re-

480 3126 597 3210 liquam
620 3125 757 3210 pedibus
779 3127 892 3188 vestris
910 3121 1101 3199 turbabatis,
1121 3135 1152 3186 et
1176 3144 1251 3186 oves
1273 3144 1351 3187 meae
1371 3123 1431 3202 his,

478 3248 552 3309 quae
567 3227 749 3288 conculcata
764 3223 901 3307 pedibus
922 3223 1035 3286 vestris
1054 3222 1192 3297 fuerant,
1210 3223 1432 3308 pascebantur,

479 3342 510 3391 et
522 3349 593 3411 quae
603 3324 700 3410 pedes
711 3325 806 3388 vestri
818 3324 1038 3396 turbaverant,
1048 3323 1118 3386 haec
1129 3324 1292 3388 bibebant.
1332 3327 1432 3410 Prop-

478 3441 565 3492 terea
593 3448 665 3490 eccc
694 3448 754 3508 ego
783 3424 851 3508 ipse
875 3421 991 3507 judico
1017 3425 1101 3486 inter
1126 3445 1224 3509 pecus
1244 3423 1376 3509 pingue,
1397 3438 1430 3490 et

479 3527 693 3606 macilentum,
709 3548 768 3612 pro
782 3523 921 3609 eoquod
938 3523 1092 3588 lateribus
1106 3538 1136 3589 ct
1154 3525 1295 3589 humeris
1314 3527 1431 3613 impiu-

476 3630 612 3717 gebatis,
627 3642 659 3693 et
674 3626 824 3692 cornibus
840 3625 953 3690 restris
968 3625 1170 3690 ventilabatis
1183 3625 1290 3689 omnia
1304 3627 1430 3692 infirma

477 3755 601 3820 pecora,
631 3730 731 3794 donec
760 3728 1020 3813 dispergerentur
1056 3728 1151 3792 t'oras.
1213 3729 1430 3795 Mercenarius

477 3849 584 3900 autem
599 3856 673 3897 oves
688 3831 816 3918 quidem
835 3828 885 3892 rel
907 3829 1010 3915 specie
1033 3830 1146 3914 pascit,
1162 3829 1216 3892 sed
1232 3831 1309 3914 quia
1323 3829 1430 3894 omnia

478 3936 556 4001 facit
570 3934 611 3998 ad
627 3933 777 4020 pretium,
793 3930 818 3993 si
835 3929 947 4014 lupum
973 3928 1080 3993 rideat
1094 3929 1280 4006 irruentem,
1295 3926 1428 3994 dimittit

477 4060 553 4102 ores
569 4049 601 4100 et
623 4035 721 4118 sugit,
735 4032 814 4117 quia
834 4051 896 4093 non
917 4041 1036 4115 pastor,
1058 4027 1112 4091 sed
1135 4028 1346 4091 mercenarius
1368 4041 1429 4106 est,

479 4161 536 4202 nec
562 4136 691 4224 quidem
714 4133 834 4207 orium,
857 4129 911 4194 sed
937 4130 1019 4193 lucri
1044 4151 1152 4193 curam
1175 4128 1281 4194 habet.
1334 4133 1431 4197 Canis

482 4241 592 4324 utique
614 4251 723 4302 mutus
745 4234 859 4299 latrare
882 4253 943 4296 non
967 4231 1085 4310 valens,
1108 4243 1144 4294 ut
1167 4229 1216 4294 vel
1239 4230 1374 4294 clamore
1398 4246 1431 4298 et

482 4337 622 4401 tumultu
639 4337 752 4421 lupum
765 4334 938 4397 absterreat
952 4331 1137 4396 venientem.
1180 4330 1343 4416 Siquidem
1354 4354 1427 4396 eum

482 4439 583 4515 timet,
607 4438 662 4522 qui
691 4433 910 4522 temporalium
938 4432 1049 4518 diripit
1076 4431 1271 4508 facultatem,
1299 4445 1427 4499 etcum
