4084 5634
565 837 638 882 car.
656 819 754 894 avra]
912 829 1166 882 roca'cnarrcus.
1458 824 1514 884 147

562 999 639 1062 teat,
666 987 720 1051 sed
747 986 787 1050 ad
817 984 1060 1072 ingrediendum
1086 986 1295 1074 compellatur
1323 988 1453 1060 invitus,
1481 1001 1512 1052 et

560 1090 649 1173 quasi
664 1089 857 1154 obnubilans
873 1089 1030 1154 lucernam
1056 1091 1129 1169 Dei,
1146 1103 1183 1155 ut
1201 1111 1272 1153 eum
1296 1090 1427 1176 impune
1442 1089 1512 1154 irri-

560 1191 633 1257 deat
658 1191 897 1257 fraudulentus.
943 1194 1009 1257 Diu
1037 1193 1194 1278 siquidem
1225 1193 1307 1257 alius
1337 1191 1509 1259 simulavit.

560 1293 778 1358 Ambitionem
802 1315 940 1378 namque
963 1294 1074 1359 multis
1096 1295 1221 1359 indiciis
1243 1295 1396 1380 prodidit,
1420 1283 1451 1361 et
1479 1319 1511 1360 sc

558 1393 702 1471 divitem,
719 1409 893 1481 potentem,
910 1396 1064 1481 insignem
1082 1399 1161 1461 velle
1177 1396 1244 1461 fieri
1268 1398 1429 1462 confessus
1451 1409 1509 1474 est,

557 1495 611 1559 sed
627 1496 690 1562 alia
704 1497 767 1573 via,
784 1497 887 1562 sedin
905 1497 966 1560 alio
983 1510 1080 1574 statu,
1096 1498 1149 1561 sed
1174 1498 1205 1560 in
1221 1497 1334 1561 minori
1356 1499 1508 1584 periculo,

557 1597 675 1682 majore
700 1598 858 1664 libertate.
905 1596 1015 1662 Voluit
1043 1621 1109 1661 esse
1135 1598 1250 1662 nobilis
1274 1599 1357 1662 inter
1384 1599 1508 1678 laicos,

554 1710 612 1761 aut
628 1714 710 1764 certe
726 1722 860 1784 magnus
882 1699 913 1762 in
930 1704 1025 1764 clero.
1072 1701 1123 1765 Ob
1147 1700 1206 1763 hoc
1229 1700 1408 1785 principum
1426 1702 1508 1764 viro-

532 1812 626 1863 'rum
657 1802 806 1886 quaesivit
834 1802 979 1885 gratiam,
1009 1800 1255 1865 familiaritatem
1286 1802 1368 1879 iniit,
1395 1802 1435 1867 ab
1461 1803 1507 1866 eis

555 1923 764 1988 quascunque
780 1903 918 1988 suscepit
939 1902 1128 1967 functiones.
1176 1903 1306 1967 Scriniis
1321 1904 1403 1968 forte
1425 1928 1506 1990 praa-

555 2002 640 2067 latus
662 2017 719 2080 est,
742 2018 798 2068 aut
821 2004 1028 2090 consignandi
1050 2004 1189 2091 suscepit
1212 2003 1360 2085 officium,
1381 2020 1438 2070 aut
1465 2006 1507 2069 ci·

553 2103 637 2168 melii
652 2106 840 2185 custodiam,
855 2119 912 2171 aut
933 2105 1055 2191 publici
1077 2107 1180 2170 claves
1202 2107 1315 2187 aerarii,
1330 2120 1386 2172 aut
1410 2108 1505 2172 ratio-

551 2204 624 2268 cinii
647 2208 748 2270 varias
770 2208 944 2285 cautiones,
967 2224 1020 2272 aut
1050 2209 1074 2271 si
1101 2207 1180 2294 quid
1204 2208 1290 2274 aliud
1318 2209 1443 2295 nequit,
1467 2227 1502 2273 ut

550 2307 700 2372 corbibus
715 2311 931 2394 praeficeretur
946 2309 1096 2375 obtinuit.
1142 2311 1214 2374 Non
1231 2325 1336 2376 tamen
1358 2311 1446 2397 quod
1462 2313 1502 2375 ad

549 2430 621 2473 eum
645 2414 801 2496 pertineat
824 2412 864 2476 de
886 2417 1003 2496 egenis,
1027 2425 1083 2476 aut
1109 2411 1149 2476 de
1173 2414 1367 2498 pauperibus
1393 2436 1501 2478 curam

547 2527 650 2596 gerat,
666 2515 719 2577 sed
737 2515 812 2601 quia
826 2516 880 2579 fur
901 2528 960 2594 est,
976 2535 1009 2579 et
1033 2515 1152 2579 loculos
1175 2517 1282 2596 habet,
1298 2539 1379 2602 quos
1402 2520 1503 2581 avari-

549 2613 594 2677 tia
609 2615 702 2680 solvit
717 2617 758 2678 ad
774 2629 912 2702 tempus,
929 2630 964 2680 ut
987 2617 1048 2680 sub
1064 2617 1201 2702 imagine
1223 2618 1363 2703 pietatis,
1379 2641 1432 2682 eos
1455 2642 1503 2682 aa·

549 2715 688 2802 crilegus
703 2718 827 2792 sarciat,
843 2730 874 2781 et
897 2716 937 2780 de
953 2717 1168 2796 mendicitate,
1183 2731 1215 2782 et
1237 2718 1278 2782 de
1293 2736 1395 2783 morte
1410 2742 1502 2804 egen-

548 2818 629 2883 tium
646 2820 787 2905 privatas
802 2819 861 2883 sibi
877 2816 1006 2883 divitias
1021 2833 1122 2905 paret.
1169 2821 1203 2884 si
1220 2822 1303 2884 enirn
1320 2843 1404 2885 verae
1418 2845 1502 2885 com-

548 2920 702 3006 passionis
728 2934 908 2986 moreretur
938 2922 1066 3001 affectu,
1093 2943 1150 2984 sua
1175 2920 1301 2986 fidelius
1325 2934 1357 2985 et
1390 2921 1500 2987 utilius

546 3022 743 3108 pauperibus
764 3036 921 3107 erogaret,
936 3043 1033 3108 quam
1053 3021 1093 3085 ad
1117 3021 1381 3108 dispensationem
1405 3022 1498 3087 alieni

545 3136 700 3188 mercator
724 3122 870 3211 impurus
895 3122 1067 3187 accederet.
1113 3124 1188 3186 Jarn
1216 3123 1319 3209 palam
1347 3137 1498 3188 emuntur

544 3228 661 3300 omnia,
673 3225 731 3287 nisi
748 3225 903 3289 modestia
915 3225 1090 3289 venditoris
1101 3224 1265 3310 impediat.
1304 3225 1398 3288 Adeo
1413 3226 1496 3288 enirn

546 3324 642 3388 sacris
656 3325 812 3388 altaribus
834 3324 975 3387 araritiae
997 3324 1150 3410 profanus
1173 3324 1315 3388 imminet
1337 3325 1443 3402 ardor,
1461 3339 1506 3394 ut.

544 3422 613 3488 hoec
633 3426 741 3490 omnia
761 3424 851 3510 quasi
873 3424 1021 3510 quaedam
1046 3423 1195 3509 parodica
1217 3438 1442 3508 praemuntur,
1463 3439 1495 3490 et

541 3525 618 3612 quia
635 3548 691 3612 per
706 3549 738 3590 se
754 3548 815 3590 non
829 3526 961 3590 veniunt
973 3526 1005 3588 in
1018 3525 1253 3604 commercium,
1266 3526 1353 3591 licite
1364 3539 1395 3590 et
1406 3527 1495 3613 juste

541 3628 716 3693 creduntur
738 3630 861 3715 acquiri
877 3631 904 3692 si
920 3641 1095 3714 praeempta
1111 3628 1241 3703 suerint,
1258 3641 1313 3692 aut
1338 3637 1493 3714 coempta.

542 3730 628 3807 Quid
644 3732 752 3794 enim?
784 3729 938 3816 Nunquid
955 3731 986 3793 in
1003 3730 1108 3794 forum
1135 3731 1332 3816 approbante
1357 3746 1492 3816 praetore

540 3853 602 3896 non
616 3834 757 3908 veniunt,
769 3857 844 3919 quae
854 3834 929 3919 jure
941 3833 1071 3919 antiquo
1084 3833 1127 3896 sic
1142 3832 1344 3918 possidentur
1360 3855 1379 3896 a
1395 3832 1491 3908 laicis,

539 3948 575 4000 ut
592 3948 750 3998 transeant
767 3934 807 3997 ad
824 3933 976 4005 haeredes,
988 3947 1020 3996 et
1030 3932 1132 4012 ,titulo
1147 3932 1337 4009 donationis,
1350 3946 1406 3998 aut
1422 3955 1492 4019 per-

540 4036 739 4112 mutationis,
755 4036 932 4099 alienentur
947 4035 1071 4098 abeis?
1097 4035 1119 4097 J
1123 4058 1159 4098 us
1175 4056 1251 4118 ergo
1266 4033 1491 4111 advocationis,

539 4151 596 4202 aut
625 4152 815 4225 patronatus
844 4137 994 4211 ecclesiae,
1026 4135 1107 4222 quid
1146 4135 1293 4221 prohibet
1332 4135 1490 4199 distrahi?

539 4243 625 4305 Nam
651 4241 737 4328 quod
764 4242 877 4305 beatus
901 4239 1091 4303 Ambrosius
1117 4237 1260 4302 baeresim
1288 4236 1488 4301 simoniacam

538 4344 694 4407 committi
721 4342 799 4406 dicit
825 4341 856 4405 in
884 4342 1011 4421 talibus,
1037 4336 1230 4426 provinciale
1256 4339 1416 4404 decretum
1444 4339 1490 4403 in·

538 4457 756 4529 terpretantur
782 4468 859 4522 esse,
884 4460 916 4507 et
947 4443 1034 4526 quod
1062 4442 1093 4506 in
1122 4439 1187 4504 sola
1220 4441 1324 4514 ltalia,
1351 4456 1382 4505 et
1409 4442 1491 4507 inter

987 4553 1042 4607 at
