4084 5634
486 871 557 916 cnr.
573 855 650 935 xm]
828 872 1085 919 sacrosanctis.
1368 863 1430 923 281

485 1022 643 1086 industria
664 1024 793 1098 locatas,
809 1024 926 1089 artifex
948 1011 1052 1089 nodus
1073 1025 1272 1108 astringeret,
1296 1041 1326 1090 et
1349 1028 1436 1094 sirius

485 1147 525 1187 ex
549 1125 724 1209 composito
748 1125 902 1203 defluens,
925 1127 1055 1191 modum
1080 1126 1188 1191 lateris
1212 1128 1357 1193 ambiret.
1402 1129 1437 1195 la

485 1225 645 1310 quondam
666 1249 766 1310 quum
782 1228 941 1291 incederet
961 1228 1141 1292 elaboratus
1155 1228 1194 1292 ad
1212 1233 1358 1315 speciem,
1373 1231 1438 1296 col·

485 1326 564 1411 legas
588 1327 628 1391 de
653 1327 778 1413 injuriis
802 1328 886 1393 diem
910 1328 1005 1404 dixit,
1028 1329 1114 1415 quod
1140 1329 1200 1393 sibi
1225 1331 1256 1393 in
1282 1332 1437 1414 angustiis

482 1428 597 1494 obvius
611 1429 735 1494 offensu
751 1430 896 1506 fortuito,
911 1444 1101 1495 structuram
1125 1444 1210 1516 togae
1224 1431 1436 1511 destruxerat,

483 1545 515 1592 et
530 1530 666 1615 capitale
681 1532 819 1615 putavit,
836 1530 922 1617 quod
942 1530 973 1594 in
995 1531 1129 1594 humero
1149 1553 1216 1606 suo,
1233 1533 1338 1595 locum
1357 1556 1435 1621 ruga

484 1644 647 1695 mutasset.
680 1631 770 1696 Nihil
786 1632 849 1696 tale
864 1632 1037 1717 sapientem
1053 1632 1154 1707 decet,
1170 1646 1228 1697 aut
1244 1632 1346 1698 virum
1363 1657 1438 1720 pro·

484 1733 578 1797 bum:
606 1733 670 1796 imo
684 1747 714 1798 et
731 1747 884 1800 matrona
905 1735 1058 1815 honestae,
1072 1749 1104 1800 et
1124 1736 1263 1822 virgines
1277 1750 1438 1821 nupturae,

483 1833 606 1898 facilius
620 1848 652 1898 et
673 1830 795 1901 felicius
814 1837 856 1900 ob
871 1837 962 1901 dotes
982 1837 1105 1914 formae,
1121 1851 1241 1902 tantam
1264 1839 1370 1904 cultus
1385 1839 1433 1904 sui

486 1934 718 2000 solicitudinem
749 1939 950 2004 erubescunt.
993 1941 1117 2004 Mirum
1147 1940 1257 2026 itaque
1285 1955 1344 2022 est,
1369 1964 1435 2026 qua

483 2036 683 2122 impudentia
698 2039 802 2104 atatis
818 2055 945 2115 nostras,

729 2189 823 2242 Cultus
834 2195 939 2258 gestare
950 2190 1066 2257 decoros,

587 2274 644 2327 Vix
655 2275 761 2328 nuribus
772 2293 881 2347 rapuere
892 2294 985 2330 mares.

484 2427 569 2507 Quid
579 2451 656 2515 ergo
664 2430 751 2515 quod
763 2430 898 2495 milites?
922 2431 1007 2508 Quid
1018 2431 1106 2519 quod
1118 2431 1244 2496 clerici?
1268 2432 1434 2518 Siquidem

482 2529 553 2595 haec
577 2529 683 2593 omnia
708 2530 850 2594 fallacem
878 2533 1052 2596 meretricis
1077 2533 1197 2608 fucum,
1223 2547 1255 2598 et
1281 2534 1432 2598 malitiam

485 2630 661 2696 imitantur.
707 2632 795 2706 Quid
817 2654 895 2716 ergo
916 2633 985 2696 viro
1007 2655 1080 2697 cum
1103 2635 1242 2718 speculo,
1262 2634 1322 2699 nisi
1341 2635 1374 2697 in
1397 2657 1435 2698 eo

483 2753 571 2809 casu,
595 2755 662 2817 quo
691 2730 771 2797 illud
800 2732 967 2797 Platonem
995 2746 1135 2816 gestasse
1165 2734 1255 2800 testis
1282 2748 1330 2799 est
1361 2735 1435 2798 Fla-

485 2833 606 2913 vianus,
621 2848 658 2899 ut
673 2834 795 2898 videret
815 2839 846 2900 in
870 2858 908 2898 eo
922 2848 1078 2918 quantum
1098 2836 1321 2922 peregrinatio,
1337 2836 1434 2901 studii

483 2936 598 3017 servor,
613 2959 744 3002 acumen
761 2937 921 3024 temporis,
938 2959 1104 3024 processus
1118 2938 1231 3019 oetatis,
1243 2939 1283 3002 de
1298 2937 1435 3005 naturali

484 3050 569 3102 statu
585 3052 751 3115 mutasset,
763 3039 853 3102 faciei
870 3039 998 3116 indicio,
1014 3062 1089 3126 quae
1103 3040 1196 3119 bonu,
1206 3054 1239 3104 et
1254 3039 1347 3120 mala,
1358 3039 1435 3104 fide-

484 3139 599 3205 lissime
620 3145 838 3226 protestatur?
873 3144 946 3206 Hoc
968 3142 1098 3228 quidem
1125 3143 1203 3226 egit,
1225 3153 1263 3206 ut
1284 3154 1436 3218 servaret,

484 3255 539 3306 aut
556 3242 707 3307 relevaret
724 3255 880 3324 naturam,
892 3267 931 3307 ne
947 3243 1065 3323 labore,
1076 3258 1108 3309 et
1123 3245 1221 3315 diaeta
1231 3244 1354 3308 insueta
1368 3266 1436 3307 cor-

484 3357 695 3430 rumperetur.
734 3345 782 3409 Ut
797 3357 903 3408 autem
920 3345 960 3408 ad
977 3344 1038 3408 alia
1054 3359 1260 3422 transeamus,
1276 3349 1348 3431 quis
1363 3345 1438 3410 isto-

484 3467 567 3521 rum,
581 3445 636 3530 qui
653 3444 745 3508 dotes
760 3445 927 3508 brutorum
944 3443 1103 3526 affectant,
1114 3447 1231 3510 brutus
1246 3468 1313 3512 esse
1324 3445 1435 3532 digne·

483 3550 559 3610 tur?
583 3549 652 3609 Aut
669 3547 721 3610 cui
733 3569 795 3610 non
808 3547 1051 3633 praeponderare
1064 3547 1234 3628 videbitur,
1246 3547 1271 3611 si
1286 3547 1433 3612 collatam

484 3647 543 3713 sibi
569 3672 637 3734 prae
662 3649 725 3714 illis
754 3650 896 3714 conferat
921 3649 1099 3714 rationem?
1134 3649 1288 3737 Nunquid
1316 3649 1432 3714 virium

483 3762 615 3829 amator,
627 3750 675 3813 leo
685 3751 778 3815 vellet
790 3773 866 3831 esse,
876 3763 931 3814 aut
943 3751 1082 3836 pardus?
1106 3751 1226 3816 Dicunt
1237 3749 1433 3836 Physiologi,

482 3851 568 3936 quod
592 3851 694 3935 lyncis
715 3866 770 3917 aut
794 3852 957 3938 pantherae
982 3852 1124 3928 odorem,
1148 3853 1295 3917 animalia
1318 3864 1433 3916 caetera

480 3966 673 4038 sequuntur:
700 3954 777 4018 istos
797 3967 901 4018 tamen
919 3955 972 4040 qui
994 3976 1113 4032 musco,
1126 3965 1158 4016 et
1178 3955 1343 4040 speciebus
1357 3975 1432 4017 exo·

483 4053 552 4118 tiela
567 4053 693 4140 placant
713 4055 879 4131 olfactum,
895 4068 926 4119 et
946 4066 1130 4139 provocant,
1145 4054 1236 4131 velle,
1252 4054 1277 4118 si
1293 4069 1432 4141 possent,

484 4178 544 4219 non
561 4157 699 4221 arbitror
719 4160 750 4221 in
774 4157 960 4243 pantheram
983 4168 1040 4220 aut
1057 4155 1179 4243 lyncem
1205 4157 1432 4223 transformari.

484 4261 556 4320 Non
569 4260 681 4345 utique
692 4259 829 4331 credam,
841 4259 927 4347 quod
941 4258 998 4347 qui
1011 4261 1158 4345 Satyrum
1171 4259 1286 4337 induit,
1300 4261 1433 4344 Satyrus

484 4381 550 4420 csse
567 4360 659 4424 velit:
687 4363 740 4426 sed
757 4386 814 4426 nec
830 4361 875 4425 illi
891 4367 946 4447 qui
968 4363 1085 4447 seipsos
1101 4361 1237 4447 poliunt,
1253 4363 1384 4446 pavonis
1399 4365 1431 4426 in

484 4483 516 4521 se
541 4473 688 4543 poterunt
717 4464 938 4529 transformare
962 4467 1091 4528 colores.
1131 4463 1304 4527 Concinnnt
1331 4463 1375 4543 hi,
1401 4479 1431 4528 ct
