4084 5634
620 844 681 905 1⁰2
867 857 1002 903 ioannis
1018 855 1299 902 suassusarunus
1409 848 1495 926 [urs.
1511 857 1569 902 vn.

622 984 744 1097 Gap-⁰7.
770 1007 863 1075 Quod
872 1009 941 1071 aiia
956 1007 1397 1086 scarus,aliaraticnia‚a1ia
1410 1007 1576 1089 religionis

595 1096 1570 1192 ‚22'dacaritatcprabantamatquodfidcsinamaidactrina

524 1287 532 1301 ι
591 1208 611 1250 ’·
621 1246 630 1263 ·
640 1189 796 1289 5·attqu0d
812 1210 927 1273 stabile
940 1211 1073 1273 initium
1085 1210 1243 1281 vendicat,
1259 1210 1344 1292 qaod
1357 1211 1486 1292 probari
1505 1230 1572 1271 aaa

665 1311 777 1383 dabam
801 1319 831 1373 at
846 1313 933 1392 qnod
945 1314 1013 1375 alia
1033 1312 1572 1393 persadociioribaainnotcacuat,

663 1413 731 1475 alia
761 1413 921 1476 rudibus.-
942 1420 974 1476 et
1002 1423 1167 1498 quatenus
1195 1413 1414 1476 dubitandam
1444 1415 1509 1476 sit:
1539 1417 1573 1474 at

661 1516 745 1597 quad
760 1517 947 1598 pertinacia
968 1517 1112 1580 caritatis
1134 1518 1372 1598 iaquisitionem
1393 1515 1573 1597 plurimam

665 1616 804 1700 impedit.

666 1748 757 1812 Suus
771 1748 854 1814 enim
869 1747 1035 1827 nonnulla,
1055 1771 1127 1834 quae
1143 1770 1252 1814 sensus
1267 1748 1408 1824 rationis,
1430 1760 1487 1812 aut
1503 1745 1574 1811 reli-

622 1847 725 1934 gionis
740 1848 910 1934 persuadet
928 1849 1110 1913 auctoritas.
1155 1852 1283 1913 Horum
1306 1847 1466 1914 dubitatio
1488 1847 1575 1911 iufir-

623 1948 753 2024 mitatis,
768 1949 883 2011 erraris
906 1963 1012 2011 notam
1031 1948 1140 2024 babet,
1155 1959 1212 2012 aut
1227 1949 1378 2013 criminis.
1424 1951 1576 2026 Quaerere

623 2048 705 2112 enim
721 2071 761 2112 an
772 2048 817 2112 sol
828 2048 1003 2135 splendeat,
1019 2049 1124 2113 albeat
1141 2053 1207 2124 nix,
1222 2049 1305 2133 ignis
1315 2050 1427 2130 caleat,
1437 2051 1576 2115 hominis

623 2162 671 2213 est
686 2172 796 2214 sensus
817 2148 1001 2234 indigentis.
1046 2154 1089 2214 At
1112 2171 1188 2214 vero
1209 2172 1248 2212 an
1273 2150 1428 2214 ternarius
1448 2152 1574 2215 binario

625 2249 724 2335 major
745 2251 795 2325 sit,
816 2251 986 2334 ipsumque
1006 2261 1110 2313 totum
1128 2261 1160 2312 et
1185 2250 1386 2314 medietatem
1412 2251 1481 2335 ejus
1501 2272 1575 2313 con-

625 2349 735 2426 tineat,
746 2371 909 2436 quaerere:
932 2361 964 2413 et
974 2371 1012 2413 an
1025 2349 1248 2441 quaternarius
1260 2349 1299 2414 sit
1310 2348 1428 2435 duplus
1440 2349 1572 2424 binario,

623 2451 783 2522 indiscreti
798 2464 859 2531 est,
870 2467 902 2517 et
914 2451 966 2516 cui
978 2465 1026 2516 est
1038 2451 1120 2520 ratio
1134 2452 1247 2529 otiosa,
1260 2464 1317 2516 aut
1329 2450 1419 2520 deest
1434 2452 1573 2516 omnino.

625 2554 687 2631 Qui
705 2577 779 2618 vero
794 2576 834 2617 an
857 2556 947 2619 Deus
968 2554 1010 2618 sit
1031 2553 1162 2619 deducit
1181 2554 1215 2618 in
1239 2553 1458 2641 quaestionem,
1479 2567 1510 2618 ct
1534 2576 1574 2618 an

623 2649 1574 2742 idempotens,sapienssit‚aubouus,nonmodoirreIigiosus,

622 2757 676 2825 sed
693 2757 835 2844 perfidus
856 2769 917 2837 est,
931 2770 964 2822 et
979 2778 1074 2843 poena
1096 2757 1230 2823 docente
1245 2757 1363 2844 dignus
1385 2771 1432 2823 est
1448 2756 1573 2822 instrui.

623 2861 708 2924 Sunt
718 2856 800 2926 enim
813 2857 1235 2949 inomnibusphilosophicis
1244 2857 1573 2944 disciplinisquoedam

622 2957 737 3044 prima,
764 2969 808 3031 et,
835 2969 872 3022 ut
898 2957 945 3019 ita
970 2957 1107 3032 dicatur,
1131 2958 1254 3023 Cratini
1281 2958 1388 3036 verbo,
1414 2957 1575 3043 primitiva

621 3056 833 3148 principia‚de
844 3057 975 3142 quibus,
984 3057 1095 3121 eodem
1106 3072 1247 3136 auctore,
1258 3059 1405 3126 dubitare
1414 3081 1476 3124 non
1489 3059 1575 3136 licet,

622 3161 683 3232 nisi
699 3159 748 3225 his
763 3182 901 3246 quorum
917 3158 1006 3224 labor
1020 3161 1052 3224 in
1076 3185 1114 3226 eo
1134 3176 1287 3239 versatur,
1304 3185 1343 3226 ne
1366 3162 1445 3249 quid
1462 3163 1573 3229 sciant.

625 3260 706 3327 Nam
734 3261 816 3325 sicut
838 3259 986 3346 quadam
1011 3284 1044 3325 se
1066 3262 1222 3348 corporeis
1244 3262 1387 3328 sensibus
1408 3263 1571 3350 ingerunt,

623 3377 659 3428 ut
682 3362 768 3450 apud
787 3377 928 3427 sensatos
949 3362 1047 3428 latere
1067 3385 1129 3427 non
1153 3365 1296 3450 possint:
1329 3364 1477 3451 quaedam
1498 3365 1575 3429 sub·

622 3464 727 3527 tiliora
742 3477 828 3536 sunt,
850 3475 886 3525 ut
907 3463 966 3525 nisi
988 3461 1174 3527 familiarius
1188 3462 1343 3539 adhibita,
1358 3479 1390 3528 et
1406 3477 1574 3550 prospecta

623 3560 819 3644 diligentius,
841 3573 874 3623 et
899 3569 1092 3643 pertractata
1113 3563 1188 3639 sint,
1211 3584 1274 3625 non
1304 3563 1497 3628 sentiantur:
1529 3564 1574 3627 sio

623 3675 698 3728 eunt
720 3660 828 3745 aliqua
850 3671 940 3723 tanta
962 3658 1011 3723 sui
1034 3659 1106 3725 luca
1128 3661 1307 3747 perspicua,
1332 3676 1368 3726 ut
1389 3663 1487 3727 latere
1510 3686 1573 3728 non

623 3761 744 3849 possint
759 3758 890 3824 rationis
904 3772 1081 3844 aspectum,
1102 3761 1157 3826 sed
1179 3763 1390 3828 communiter
1406 3764 1576 3830 videantur

621 3865 662 3930 ab
676 3861 846 3936 omnibus3
870 3861 971 3946 magis
992 3878 1097 3925 tamen
1119 3876 1151 3928 et
1172 3863 1287 3943 minus,
1306 3888 1365 3951 pro
1387 3867 1573 3952 capacitate,

622 3979 654 4030 et
670 3963 792 4028 viribus
803 3960 1011 4045 singulorum.
1059 3963 1133 4027 Alia
1144 3963 1291 4050 quaedam
1305 3980 1473 4054 sunt,quae
1483 3967 1574 4052 quasi

622 4067 761 4154 quodam
774 4065 927 4133 scrutinio
936 4062 1092 4148 indigent,
1102 4078 1133 4131 et
1144 4065 1221 4152 quia
1231 4069 1363 4130 istorum
1374 4069 1575 4132 consecutiva

623 4182 710 4244 sunt,
732 4161 918 4250 diligentius
939 4180 1190 4251 perscrutantem
1215 4166 1313 4236 latere
1342 4192 1404 4232 non
1429 4183 1573 4255 possunt.

623 4272 667 4342 Et
683 4268 734 4332 his
749 4281 865 4341 tamen,
878 4280 910 4331 et
921 4266 994 4341 iliis,
1009 4268 1155 4353 quadam
1170 4266 1317 4333 videntur
1328 4272 1485 4335 anteriora
1496 4293 1573 4346 esse,

622 4392 697 4452 ¹quse
713 4370 795 4431 ratio
809 4366 1018 4453 philosophiae
1033 4368 1125 4453 quasi
1141 4369 1172 4431 in
1189 4369 1264 4436 fidei
1281 4371 1487 4437 fundamenta
1501 4395 1574 4438 con-

623 4469 737 4545 stituit,
753 4483 874 4564 petens,
892 4484 928 4534 ut
951 4472 983 4534 in
1006 4493 1061 4558 spe
1076 4472 1262 4568 proficiendi
1285 4499 1322 4538 ea
1338 4475 1398 4539 sibi
1414 4477 1573 4568 gratuitos
