4084 5634
629 813 692 874 ala
890 822 1026 868 Josuurs
1042 821 1319 867 sanssssarsusrs
1486 803 1530 884 [a.
1547 824 1580 868 u.

625 1001 688 1047 non
704 975 852 1052 attendit,
868 977 925 1059 qui
947 971 1084 1037 animam
1100 971 1298 1037 cruciaturus
1315 985 1361 1036 est
1377 971 1410 1035 in
1424 972 1581 1056 gebenna.

626 1083 740 1144 Caecus
755 1077 910 1164 siquidem
926 1089 974 1141 est
995 1076 1036 1140 ad
1056 1074 1201 1160 grandia,
1217 1092 1249 1139 et
1270 1096 1343 1160 qnae
1363 1074 1483 1139 nullius
1503 1087 1580 1139 sunt

624 1178 844 1265 perhorrescit.
889 1180 940 1241 De
963 1176 1012 1239 his
1034 1175 1158 1260 inquit:
1198 1176 1254 1238 Voe
1279 1175 1445 1261 prophetis
1469 1175 1578 1258 insipi-

625 1281 752 1346 entibus
769 1279 824 1365 qui
841 1292 1020 1363 sequuntur
1036 1277 1184 1364 spiritum
1201 1298 1307 1352 suum,
1319 1290 1351 1341 et
1363 1276 1441 1341 nibil
1457 1278 1577 1343 vident.

626 1381 724 1457 Quasi
746 1381 859 1467 vulpes
878 1379 910 1442 in
931 1379 1076 1458 desertis,
1097 1379 1262 1464 prophetie
1283 1379 1331 1442 tui
1354 1379 1453 1442 Israel
1472 1394 1577 1444 erunt.

626 1487 700 1549 Non
716 1481 902 1547 ascendistis
917 1504 957 1545 ex
972 1480 1118 1559 adverso,
1129 1502 1233 1564 neque
1242 1480 1438 1565 opposuistis
1450 1502 1577 1544 murum

625 1609 684 1673 pro
699 1586 794 1649 domo
809 1583 917 1657 lsrael,
935 1598 969 1647 ut
986 1585 1112 1647 staretis
1127 1584 1159 1645 in
1175 1581 1287 1666 praelio
1310 1582 1342 1645 in
1361 1581 1414 1645 die
1435 1583 1578 1648 Domini.

627 1685 718 1752 Nihil
733 1687 816 1750 euim
832 1686 864 1748 in
879 1686 925 1750 eis
940 1685 1096 1748 libertatis
1114 1697 1172 1764 est,
1187 1696 1224 1747 ut
1240 1683 1352 1747 muudi
1367 1684 1580 1770 potestatibus

626 1788 855 1873 obloquantur,
878 1786 956 1850 nibil
979 1785 1120 1862 virtutis,
1141 1797 1178 1849 ut
1202 1784 1366 1849 veritatem
1387 1788 1418 1848 in
1440 1785 1580 1870 periculo

628 1901 794 1954 tueantur:
822 1890 854 1951 in
877 1887 1027 1952 omnibus
1050 1888 1184 1962 lucrum,
1206 1886 1239 1949 iu
1263 1885 1368 1961 nullis,
1393 1899 1450 1952 aut
1471 1888 1582 1971 paucis

624 2003 774 2076 quaerunt
790 1989 923 2053 salutem
940 1987 1127 2052 animarum.
1166 1990 1253 2052 Dum
1269 1988 1301 2050 in
1318 1988 1385 2050 suis
1399 1989 1576 2064 obtineant,

626 2092 704 2155 dum
713 2089 753 2153 ad
766 2089 947 2153 ambitionis
956 2102 1010 2153 aut
1019 2088 1163 2152 avaritiae
1175 2088 1324 2154 succedat
1338 2101 1458 2168 votum,
1469 2111 1579 2161 eorum

626 2216 699 2277 quaa
722 2190 843 2255 Christi
866 2203 952 2269 sunt,
970 2190 1098 2274 jactura
1120 2190 1346 2266 contemnitur,
1369 2188 1441 2254 Fiat
1464 2213 1527 2277 pax
1548 2190 1580 2253 in

629 2290 743 2356 diebus
779 2313 901 2367 eorum,
935 2290 997 2354 sint
1034 2290 1157 2354 foetosae
1197 2313 1283 2366 oves,
1320 2291 1417 2356 boves
1458 2312 1582 2368 crassae,

629 2392 849 2478 promptuaria
870 2392 976 2479 plena,
1001 2392 1081 2457 cibis
1106 2405 1138 2456 et
1162 2393 1245 2456 vasis
1272 2406 1390 2457 onusta
1415 2414 1522 2456 mensa
1547 2392 1580 2456 in

628 2493 869 2559 admirationem
884 2494 1078 2559 intuentium
1095 2493 1269 2580 splendeat,
1282 2495 1378 2558 variar
1390 2508 1421 2559 et
1433 2494 1580 2580 pretiosae

630 2595 836 2682 supellectilis
858 2618 1011 2681 operosus
1033 2600 1138 2660 cultus
1160 2595 1312 2674 abundet,
1335 2596 1530 2661 honorentur
1552 2613 1583 2660 et

627 2697 775 2762 colantur
797 2721 816 2761 a
839 2698 953 2775 turbis,
976 2697 1133 2773 ditentur,
1157 2697 1326 2762 visitentur
1347 2721 1367 2761 a
1388 2697 1526 2763 subditis
1546 2699 1580 2763 in

629 2799 826 2874 muneribus,
842 2799 882 2862 sit
899 2798 1036 2884 denique
1052 2798 1198 2871 liberum,
1214 2799 1355 2885 impune,
1372 2813 1403 2864 et
1420 2799 1485 2863 sine
1507 2814 1583 2886 uota

630 2900 734 2965 facere
755 2901 910 2986 quicquid
931 2902 1032 2966 libido
1053 2901 1237 2968 dictaverit:
1261 2901 1302 2965 ad
1325 2902 1451 2988 singula
1465 2901 1584 2982 dicant,

629 3024 722 3085 euge,
752 3023 845 3085 euge,
876 3016 924 3077 ut,
949 3004 1047 3088 juxta
1075 3004 1322 3088 increpationem
1351 3004 1581 3088 propheticam,

631 3102 701 3167 luto
723 3103 845 3186 absque
867 3103 966 3189 paleis
985 3103 1091 3166 livisse
1113 3105 1234 3190 peccati
1257 3105 1399 3171 indurati
1430 3107 1582 3193 parietem

633 3204 815 3283 videantur,
830 3206 899 3291 qui,
915 3204 1120 3291 praecipiente
1136 3207 1278 3283 Domini,
1294 3207 1400 3272 t'uerat
1415 3208 1583 3287 fodiendus

631 3320 667 3372 ut
683 3321 799 3382 rueret,
816 3320 848 3372 et
870 3307 1120 3372 abominationes
1140 3309 1283 3395 pessimae
1298 3333 1318 3373 a
1337 3310 1433 3375 domo
1451 3311 1581 3375 Domini

631 3408 830 3494 disperirent.
887 3409 932 3473 Hi
962 3424 1037 3475 sunt
1068 3414 1126 3496 qui
1155 3426 1314 3476 consuunt
1345 3413 1495 3498 pulvillos
1521 3413 1584 3477 sub

629 3510 731 3592 capite
763 3511 917 3573 universae
952 3517 1068 3588 aetatis,
1098 3513 1262 3576 cervicalia
1298 3527 1515 3599 supponentes
1547 3524 1582 3577 ut

629 3609 756 3692 capiant
786 3609 916 3686 animas,
945 3624 977 3674 et
1007 3609 1056 3674 lac
1085 3612 1262 3688 comedant,
1290 3612 1370 3675 lanis
1398 3611 1584 3697 operiantur

630 3705 750 3786 ovium,
761 3728 842 3791 quas
853 3708 944 3791 quasi
957 3709 988 3772 in
1002 3732 1146 3772 somnum
1157 3710 1360 3795 negligentiae
1376 3711 1424 3775 vel
1440 3710 1583 3775 audaciae

630 3809 836 3875 induxerunt.
871 3809 940 3873 Fur
950 3822 1056 3874 autem
1072 3812 1274 3876 convincitur
1285 3812 1327 3876 ab
1341 3813 1491 3899 operibus
1507 3814 1583 3892 suis,

632 3912 708 3998 quia
723 3934 786 3975 non
806 3909 893 3975 venit
912 3911 972 3975 nisi
994 3927 1030 3977 nt
1052 3912 1190 3990 furetur,
1206 3928 1238 3979 et
1255 3915 1390 3991 occidat,
1407 3929 1437 3978 et
1455 3929 1583 3990 mactet,

629 4026 662 4077 et
676 4012 801 4097 perdat.
855 4012 1008 4077 Inimicus
1032 4013 1143 4099 utique
1165 4015 1360 4099 perniciosus
1382 4031 1415 4081 et
1440 4031 1582 4101 apertus,

631 4114 688 4199 qui
712 4135 769 4178 nec
791 4137 857 4178 rem
880 4117 1016 4198 pastoris
1038 4116 1145 4192 habet,
1167 4140 1224 4180 nec
1246 4122 1392 4204 speciem,
1415 4131 1446 4182 et
1467 4140 1524 4180 nec
1544 4117 1583 4180 ad

633 4215 757 4278 lucrum
771 4214 885 4299 pascit,
902 4214 955 4278 sed
969 4238 1063 4278 suum
1076 4217 1201 4279 lucrum
1217 4232 1357 4302 reputat,
1373 4219 1468 4281 etiam
1486 4240 1587 4302 quum

630 4316 756 4379 occidit.
804 4315 929 4380 Pastori
951 4316 1060 4400 itaque
1084 4317 1220 4381 debetur
1244 4340 1343 4395 amor,
1364 4322 1441 4403 quia
1471 4318 1588 4402 diligit.

635 4417 833 4480 blcrccnurio
849 4417 1013 4502 patientia,
1028 4420 1104 4502 quia
1127 4417 1254 4482 videtur
1275 4434 1432 4484 amantem
1457 4408 1585 4485 imitari.
