4084 5634
1349 314 1411 411 (l
1631 400 1637 429 r

1356 354 1617 546 sta‘fllwsraa
1635 468 1705 558 aas,

1188 570 1449 777 ase-'‘⁷²“
1478 632 1630 771 resae

1371 866 1432 922 2⁷1

486 872 554 918 cae.
571 859 661 932 vni]
845 875 1096 921 nom'cttsrrcrs.

696 1024 828 1077 Placitone
840 1025 918 1076 etiam
931 1024 1060 1096 pugnabis
1072 1026 1172 1076 amori?

592 1109 649 1162 Nec
661 1112 771 1162 venitin
782 1117 897 1163 mentem
908 1128 1018 1178 quorum
1031 1109 1178 1163 consederis
1190 1112 1276 1163 arvis?

485 1209 570 1286 Quid
583 1209 705 1274 diutius
716 1215 842 1274 moror?
866 1212 916 1273 Ne
927 1211 1008 1274 hanc
1020 1210 1150 1296 quidem
1163 1224 1284 1295 partem
1296 1213 1435 1298 corporis

484 1310 598 1375 mulier
612 1311 778 1391 abstinuit,
789 1315 955 1397 victorque
971 1312 1060 1376 miles
1076 1327 1250 1398 utrumque
1265 1315 1434 1400 persuasit.

482 1417 658 1479 Jaeuerunt
674 1438 751 1498 ergo
768 1436 842 1492 una,
867 1435 928 1475 non
946 1427 1068 1477 tantum
1093 1412 1147 1477 illa
1163 1432 1265 1493 nocte,
1280 1438 1345 1500 qua
1357 1438 1436 1501 nup-

484 1514 544 1578 tias
555 1516 710 1596 fecerunt,
722 1515 775 1579 sed
788 1529 914 1601 postera
926 1515 1034 1591 etiam,
1046 1538 1082 1578 ac
1096 1514 1189 1581 tertia
1198 1515 1260 1589 die,
1273 1517 1436 1601 praeclusis

485 1616 631 1682 videlicet
645 1617 813 1682 conditorii
828 1618 962 1694 foribus,
977 1632 1013 1682 ut
1038 1620 1177 1702 quisque
1192 1640 1230 1680 ex
1247 1618 1332 1683 notis
1347 1618 1436 1702 igno-

483 1715 599 1801 tisque,
623 1716 663 1779 ad
689 1732 930 1780 mouumentum
952 1720 1090 1797 veniens,
1105 1730 1247 1801 putasset
1271 1721 1434 1803 expirasse

484 1839 581 1900 super
603 1837 718 1900 eorpus
741 1818 800 1880 viri
830 1816 1066 1903 pudicissimam
1100 1841 1242 1895 uxorem,
1270 1821 1431 1885 Caeterum

483 1917 660 1984 delectatus
682 1920 772 1984 miles
787 1935 819 1983 et
842 1920 944 1983 forma
968 1919 1121 1995 mulieris,
1144 1935 1176 1985 et
1198 1936 1329 2002 secreto,
1343 1923 1434 2007 quic-

483 2019 652 2105 quidboni
673 2044 730 2107 per
750 2021 916 2086 facultates
938 2036 1075 2108 poterat,
1091 2022 1264 2099 coemebat,
1285 2037 1316 2087 et
1332 2024 1435 2108 prima

483 2124 590 2184 statim
607 2137 699 2187 nocte
720 2123 842 2186 ferebat
857 2122 888 2186 in
910 2136 1161 2188 mouumentum.
1208 2125 1323 2211 ltaque
1339 2127 1433 2191 unius

482 2224 615 2287 cruciati
641 2239 797 2310 parentes,
827 2239 862 2288 ut
894 2224 1043 2290 viderunt
1073 2227 1212 2290 laxatam
1242 2227 1432 2307 custodiam,

481 2321 687 2389 detraxerunt
711 2340 803 2391 nocte
830 2326 1032 2413 pendentem,
1062 2341 1094 2391 et
1125 2349 1274 2414 supremo
1303 2329 1432 2393 manda-

480 2441 595 2491 verunt
609 2427 722 2491 officio.
767 2433 810 2494 At
825 2428 915 2493 miles
930 2428 1188 2513 circumscriptus
1203 2429 1281 2494 dum
1297 2429 1432 2507 desidet,

481 2539 517 2589 ut
530 2540 656 2611 postero
666 2528 717 2591 die
727 2528 807 2591 vidit
820 2550 914 2592 uuam
925 2529 991 2590 sine
1003 2528 1157 2591 cadavere
1166 2526 1434 2605 crucem‚'veritus

482 2629 684 2715 supplicium,
706 2628 831 2692 mulieri
853 2628 932 2713 quid
955 2628 1118 2693 accidisset
1138 2629 1290 2714 exponit3
1328 2652 1386 2693 uec
1401 2652 1433 2693 se

480 2745 722 2815 expectaturum
738 2730 923 2795 sententiam
930 2731 1061 2814 judicis,
1076 2731 1133 2816 sed
1143 2729 1251 2816 gladio
1260 2731 1317 2816 jus
1330 2730 1434 2795 dictu·
1502 2783 1507 2791 .

482 2856 552 2899 rum
569 2832 704 2917 ignaviae
719 2855 798 2908 suae,
813 2831 1049 2913 commendans,
1059 2833 1156 2897 modo
1170 2836 1312 2917 perituro
1328 2833 1432 2898 locum

480 2935 672 3021 provideret,
701 2949 732 3000 et
763 2936 860 2999 fatale
888 2934 1101 2999 conditorium
1127 2933 1272 2999 familiari
1302 2956 1338 2998 ac
1363 2934 1433 3000 viro

479 3039 607 3104 faceret.
652 3036 772 3104 Mulier
787 3059 848 3101 non
866 3038 969 3102 minua
985 3036 1174 3114 misericors,
1187 3057 1283 3122 quam
1300 3036 1430 3121 pudica:

480 3143 549 3204 Nec
560 3139 782 3226 istud,iuquit,
794 3137 838 3202 dii
848 3135 963 3216 sinaut,
975 3152 1010 3201 ut
1022 3137 1132 3202 eodem
1141 3151 1281 3223 tempore
1291 3135 1431 3202 duorum

479 3240 557 3303 milri
586 3241 819 3305 carissimorum
850 3239 1014 3303 hominum
1044 3239 1111 3303 duo
1139 3239 1252 3301 funera
1281 3253 1431 3323 spectem.

479 3341 569 3406 Malo
597 3355 760 3405 mortuum
790 3340 983 3426 impendere,
1013 3361 1110 3425 quam
1142 3338 1251 3401 vivum
1277 3338 1429 3403 occidere.

479 3442 659 3507 Secundum
677 3443 758 3506 hanc
773 3441 924 3506 rationem
935 3441 1031 3526 jubet
1054 3463 1093 3503 ex
1109 3462 1182 3503 area
1196 3462 1313 3524 corpus
1324 3441 1429 3506 mariti

477 3545 526 3608 sui
544 3543 622 3619 tolli,
646 3559 743 3630 atque
763 3544 821 3621 illi,
837 3566 911 3629 quae
935 3543 1077 3622 vacabat,
1098 3545 1186 3606 cruci
1200 3542 1297 3626 affigi.
1343 3543 1431 3609 Usus

477 3666 524 3712 est
540 3647 628 3711 miles
643 3647 772 3732 iugenio
783 3645 1038 3732 prudentissimae
1049 3644 1184 3707 feminae.
1233 3642 1431 3730 Posteroque

478 3749 529 3813 die
544 3749 681 3837 populus
695 3749 830 3813 miratus
843 3763 901 3823 est,
923 3770 988 3833 qua
1002 3746 1123 3810 ratione
1139 3757 1286 3811 mortuus
1305 3746 1380 3810 isset
1396 3745 1429 3809 iu

478 3874 611 3916 crucem.
657 3853 713 3916 Tu
728 3850 904 3928 historiam,
918 3863 974 3912 aut
989 3847 1144 3923 fabulam,
1156 3846 1244 3932 quod
1261 3847 1310 3911 his
1325 3847 1430 3910 verbis

477 3953 573 4017 refert
597 3952 778 4028 Petronius,
801 3974 860 4036 pro
888 3950 982 4014 libitu
1011 3948 1196 4034 appellabis.
1242 3951 1294 4011 lta
1323 3960 1428 4011 tamen

477 4077 516 4117 ex
539 4055 624 4118 facto
650 4053 801 4117 accidisse
824 4050 958 4136 Ephesi,
978 4061 1010 4111 et
1034 4048 1210 4111 Flavianus
1236 4059 1428 4111 auctorest.

481 4155 715 4241 Mulieremque
737 4152 836 4219 tradit
859 4148 1032 4237 impietatis
1047 4172 1124 4224 suae,
1140 4160 1172 4212 et
1188 4147 1312 4213 sceleris
1327 4148 1429 4235 parri·

478 4255 598 4331 cidalis,
612 4270 645 4321 et
660 4255 808 4320 adulterii
825 4274 934 4340 poenas
950 4250 1055 4316 luisse.
1101 4247 1172 4312 Non
1197 4248 1325 4334 quidem
1342 4248 1429 4314 solus
1473 4294 1479 4341 3

478 4370 524 4419 est
554 4358 586 4419 in
610 4357 775 4422 mulierum
799 4354 926 4442 ineptiis
948 4353 1102 4429 ridendis,
1125 4364 1180 4415 aut
1210 4350 1427 4436 exprimendis
1475 4346 1481 4423 l

477 4459 658 4522 Petronius.
703 4457 820 4521 Scribit
850 4453 1220 4559 bEQm-EAEQQ
1250 4450 1327 4536 quia
1349 4465 1426 4519 tota
