<?xml version="1.0" encoding="UTF-8"?>
<!DOCTYPE html PUBLIC "-//W3C//DTD XHTML 1.0 Transitional//EN"
    "http://www.w3.org/TR/xhtml1/DTD/xhtml1-transitional.dtd">
<html xmlns="http://www.w3.org/1999/xhtml" xml:lang="en" lang="en">
 <head>
  <title>
</title>
<meta http-equiv="Content-Type" content="text/html;charset=utf-8" />
  <meta name='ocr-system' content='tesseract 3.04.00' />
  <meta name='ocr-capabilities' content='ocr_page ocr_carea ocr_par ocr_line ocrx_word'/>
</head>
<body>
  <div class='ocr_page' id='page_1' title='image "./joannissaresber07johngoog_0034.png"; bbox 0 0 4084 5634; ppageno 0'>
   <div class='ocr_carea' id='block_1_1' title="bbox 627 786 1576 866">
    <p class='ocr_par' dir='ltr' id='par_1_1' title="bbox 627 786 1576 866">
     <span class='ocr_line' id='line_1_1' title="bbox 627 786 1576 866; baseline 0.002 -18"><span class='ocrx_word' id='word_1_1' title='bbox 627 790 668 848; x_wconf 76' lang='lat'><strong>96</strong></span> <span class='ocrx_word' id='word_1_2' title='bbox 885 805 1020 849; x_wconf 80' lang='lat' dir='ltr'><strong>rornnrs</strong></span> <span class='ocrx_word' id='word_1_3' title='bbox 1036 803 1302 848; x_wconf 80' lang='lat' dir='ltr'><strong>srarsssarnssrs</strong></span> <span class='ocrx_word' id='word_1_4' title='bbox 1435 786 1517 866; x_wconf 83' lang='lat' dir='ltr'><strong>[nrn.</strong></span> <span class='ocrx_word' id='word_1_5' title='bbox 1533 805 1576 850; x_wconf 84' lang='lat' dir='ltr'><strong>v1.</strong></span> 
     </span>
    </p>
   </div>
   <div class='ocr_carea' id='block_1_2' title="bbox 616 955 1576 4478">
    <p class='ocr_par' dir='ltr' id='par_1_2' title="bbox 616 955 1576 4478">
     <span class='ocr_line' id='line_1_2' title="bbox 627 955 1576 1036; baseline 0 -16"><span class='ocrx_word' id='word_1_6' title='bbox 627 955 723 1030; x_wconf 87' lang='lat' dir='ltr'><strong>Quod</strong></span> <span class='ocrx_word' id='word_1_7' title='bbox 738 955 879 1018; x_wconf 82' lang='lat' dir='ltr'><strong>maxime</strong></span> <span class='ocrx_word' id='word_1_8' title='bbox 902 956 1054 1021; x_wconf 89' lang='lat' dir='ltr'><strong>nobiliter</strong></span> <span class='ocrx_word' id='word_1_9' title='bbox 1072 956 1192 1020; x_wconf 88' lang='lat' dir='ltr'><strong>accidit</strong></span> <span class='ocrx_word' id='word_1_10' title='bbox 1207 956 1245 1020; x_wconf 89' lang='lat' dir='ltr'><strong>C.</strong></span> <span class='ocrx_word' id='word_1_11' title='bbox 1262 957 1415 1020; x_wconf 89' lang='lat' dir='ltr'><strong>Nummio</strong></span> <span class='ocrx_word' id='word_1_12' title='bbox 1437 959 1576 1036; x_wconf 90' lang='lat' dir='ltr'><strong>tribuno,</strong></span> 
     </span>
     <span class='ocr_line' id='line_1_3' title="bbox 626 1056 1576 1142; baseline 0.001 -21"><span class='ocrx_word' id='word_1_13' title='bbox 626 1058 678 1122; x_wconf 88' lang='lat' dir='ltr'><strong>cui</strong></span> <span class='ocrx_word' id='word_1_14' title='bbox 701 1056 822 1119; x_wconf 85' lang='lat' dir='ltr'>dixisse</span> <span class='ocrx_word' id='word_1_15' title='bbox 843 1056 977 1132; x_wconf 80' lang='lat' dir='ltr'><strong>traditur</strong></span> <span class='ocrx_word' id='word_1_16' title='bbox 997 1058 1128 1141; x_wconf 84' lang='lat' dir='ltr'>Scipio:</span> <span class='ocrx_word' id='word_1_17' title='bbox 1166 1058 1250 1121; x_wconf 89' lang='lat' dir='ltr'><strong>Mihi</strong></span> <span class='ocrx_word' id='word_1_18' title='bbox 1270 1060 1444 1142; x_wconf 82' lang='lat' dir='ltr'>paulisper,</span> <span class='ocrx_word' id='word_1_19' title='bbox 1459 1060 1528 1137; x_wconf 90' lang='lat' dir='ltr'><strong>tibi,</strong></span> <span class='ocrx_word' id='word_1_20' title='bbox 1543 1070 1576 1122; x_wconf 90' lang='lat' dir='ltr'><strong>et</strong></span> 
     </span>
     <span class='ocr_line' id='line_1_4' title="bbox 624 1157 1574 1243; baseline 0.002 -23"><span class='ocrx_word' id='word_1_21' title='bbox 624 1157 812 1242; x_wconf 70' lang='lat' dir='ltr'><strong>reipublicae</strong></span> <span class='ocrx_word' id='word_1_22' title='bbox 834 1179 959 1243; x_wconf 79' lang='lat' dir='ltr'><strong>semper</strong></span> <span class='ocrx_word' id='word_1_23' title='bbox 978 1180 1116 1241; x_wconf 87' lang='lat' dir='ltr'><strong>nequam</strong></span> <span class='ocrx_word' id='word_1_24' title='bbox 1139 1159 1209 1221; x_wconf 89' lang='lat' dir='ltr'><strong>eris.</strong></span> <span class='ocrx_word' id='word_1_25' title='bbox 1255 1160 1294 1231; x_wconf 87' lang='lat' dir='ltr'><strong>Q.</strong></span> <span class='ocrx_word' id='word_1_26' title='bbox 1311 1160 1464 1223; x_wconf 83' lang='lat' dir='ltr'><strong>Metellus</strong></span> <span class='ocrx_word' id='word_1_27' title='bbox 1487 1160 1574 1223; x_wconf 90' lang='lat' dir='ltr'><strong>bello</strong></span> 
     </span>
     <span class='ocr_line' id='line_1_5' title="bbox 622 1259 1575 1344; baseline -0.001 -21"><span class='ocrx_word' id='word_1_28' title='bbox 622 1259 814 1340; x_wconf 83' lang='lat' dir='ltr'><strong>Jugurthino</strong></span> <span class='ocrx_word' id='word_1_29' title='bbox 844 1260 989 1323; x_wconf 90' lang='lat' dir='ltr'><strong>similiter</strong></span> <span class='ocrx_word' id='word_1_30' title='bbox 1025 1261 1147 1344; x_wconf 92' lang='lat' dir='ltr'><strong>lapsam</strong></span> <span class='ocrx_word' id='word_1_31' title='bbox 1185 1259 1319 1322; x_wconf 86' lang='lat' dir='ltr'><strong>militum</strong></span> <span class='ocrx_word' id='word_1_32' title='bbox 1357 1259 1575 1344; x_wconf 81' lang='lat' dir='ltr'><strong>disciplinam,</strong></span> 
     </span>
     <span class='ocr_line' id='line_1_6' title="bbox 624 1359 1575 1443; baseline 0.002 -21"><span class='ocrx_word' id='word_1_33' title='bbox 624 1360 693 1442; x_wconf 84' lang='lat' dir='ltr'><strong>pari</strong></span> <span class='ocrx_word' id='word_1_34' title='bbox 708 1360 873 1422; x_wconf 78' lang='lat' dir='ltr'><strong>severitate</strong></span> <span class='ocrx_word' id='word_1_35' title='bbox 889 1359 1038 1437; x_wconf 80' lang='lat' dir='ltr'><strong>restituit,</strong></span> <span class='ocrx_word' id='word_1_36' title='bbox 1054 1381 1150 1442; x_wconf 87' lang='lat' dir='ltr'><strong>quum</strong></span> <span class='ocrx_word' id='word_1_37' title='bbox 1166 1361 1296 1443; x_wconf 90' lang='lat' dir='ltr'><strong>insuper</strong></span> <span class='ocrx_word' id='word_1_38' title='bbox 1311 1360 1497 1443; x_wconf 89' lang='lat' dir='ltr'><strong>prohiberet</strong></span> <span class='ocrx_word' id='word_1_39' title='bbox 1510 1360 1575 1424; x_wconf 87' lang='lat' dir='ltr'><strong>alia</strong></span> 
     </span>
     <span class='ocr_line' id='line_1_7' title="bbox 624 1461 1574 1545; baseline -0.001 -20"><span class='ocrx_word' id='word_1_40' title='bbox 624 1482 720 1525; x_wconf 89' lang='lat' dir='ltr'><strong>carne</strong></span> <span class='ocrx_word' id='word_1_41' title='bbox 732 1483 826 1543; x_wconf 88' lang='lat' dir='ltr'><strong>quarn</strong></span> <span class='ocrx_word' id='word_1_42' title='bbox 839 1482 911 1524; x_wconf 91' lang='lat' dir='ltr'><strong>assa</strong></span> <span class='ocrx_word' id='word_1_43' title='bbox 923 1461 1048 1524; x_wconf 76' lang='lat' dir='ltr'><strong>elixave</strong></span> <span class='ocrx_word' id='word_1_44' title='bbox 1060 1461 1177 1523; x_wconf 87' lang='lat' dir='ltr'><strong>milites</strong></span> <span class='ocrx_word' id='word_1_45' title='bbox 1188 1461 1245 1523; x_wconf 89' lang='lat' dir='ltr'><strong>uti.</strong></span> <span class='ocrx_word' id='word_1_46' title='bbox 1283 1461 1463 1545; x_wconf 87' lang='lat' dir='ltr'><strong>Philippus,</strong></span> <span class='ocrx_word' id='word_1_47' title='bbox 1475 1483 1574 1545; x_wconf 89' lang='lat' dir='ltr'><strong>quum</strong></span> 
     </span>
     <span class='ocr_line' id='line_1_8' title="bbox 622 1561 1572 1646; baseline 0 -22"><span class='ocrx_word' id='word_1_48' title='bbox 622 1561 759 1646; x_wconf 90' lang='lat' dir='ltr'><strong>primum</strong></span> <span class='ocrx_word' id='word_1_49' title='bbox 789 1563 967 1640; x_wconf 82' lang='lat' dir='ltr'><strong>exercitum</strong></span> <span class='ocrx_word' id='word_1_50' title='bbox 995 1562 1216 1640; x_wconf 79' lang='lat' dir='ltr'><strong>constitueret,</strong></span> <span class='ocrx_word' id='word_1_51' title='bbox 1238 1562 1455 1625; x_wconf 80' lang='lat' dir='ltr'><strong>vehiculorum</strong></span> <span class='ocrx_word' id='word_1_52' title='bbox 1481 1583 1572 1625; x_wconf 91' lang='lat' dir='ltr'><strong>usum</strong></span> 
     </span>
     <span class='ocr_line' id='line_1_9' title="bbox 624 1661 1572 1746; baseline -0.002 -20"><span class='ocrx_word' id='word_1_53' title='bbox 624 1661 771 1726; x_wconf 86' lang='lat' dir='ltr'><strong>omnibus</strong></span> <span class='ocrx_word' id='word_1_54' title='bbox 805 1661 981 1738; x_wconf 77' lang='lat' dir='ltr'><strong>interdixit,</strong></span> <span class='ocrx_word' id='word_1_55' title='bbox 1008 1662 1172 1746; x_wconf 90' lang='lat' dir='ltr'><strong>equitibus</strong></span> <span class='ocrx_word' id='word_1_56' title='bbox 1205 1683 1269 1725; x_wconf 92' lang='lat' dir='ltr'><strong>nou</strong></span> <span class='ocrx_word' id='word_1_57' title='bbox 1308 1663 1445 1744; x_wconf 88' lang='lat' dir='ltr'><strong>amplius</strong></span> <span class='ocrx_word' id='word_1_58' title='bbox 1477 1683 1572 1744; x_wconf 90' lang='lat' dir='ltr'><strong>quarn</strong></span> 
     </span>
     <span class='ocr_line' id='line_1_10' title="bbox 622 1763 1573 1848; baseline -0.001 -21"><span class='ocrx_word' id='word_1_59' title='bbox 622 1764 764 1844; x_wconf 82' lang='lat' dir='ltr'><strong>singulos</strong></span> <span class='ocrx_word' id='word_1_60' title='bbox 792 1764 923 1827; x_wconf 90' lang='lat' dir='ltr'><strong>lacones</strong></span> <span class='ocrx_word' id='word_1_61' title='bbox 952 1763 1070 1827; x_wconf 90' lang='lat' dir='ltr'><strong>habere</strong></span> <span class='ocrx_word' id='word_1_62' title='bbox 1100 1765 1253 1848; x_wconf 84' lang='lat' dir='ltr'><strong>permisit,</strong></span> <span class='ocrx_word' id='word_1_63' title='bbox 1275 1764 1440 1846; x_wconf 82' lang='lat' dir='ltr'><strong>peditibus</strong></span> <span class='ocrx_word' id='word_1_64' title='bbox 1467 1775 1573 1827; x_wconf 88' lang='lat' dir='ltr'><strong>autem</strong></span> 
     </span>
     <span class='ocr_line' id='line_1_11' title="bbox 622 1862 1574 1947; baseline 0.004 -20"><span class='ocrx_word' id='word_1_65' title='bbox 622 1863 723 1941; x_wconf 88' lang='lat' dir='ltr'><strong>denis,</strong></span> <span class='ocrx_word' id='word_1_66' title='bbox 737 1864 882 1944; x_wconf 86' lang='lat' dir='ltr'><strong>singulos</strong></span> <span class='ocrx_word' id='word_1_67' title='bbox 897 1864 952 1947; x_wconf 91' lang='lat' dir='ltr'><strong>qui</strong></span> <span class='ocrx_word' id='word_1_68' title='bbox 968 1863 1068 1926; x_wconf 90' lang='lat' dir='ltr'><strong>molas</strong></span> <span class='ocrx_word' id='word_1_69' title='bbox 1083 1877 1115 1925; x_wconf 91' lang='lat' dir='ltr'><strong>et</strong></span> <span class='ocrx_word' id='word_1_70' title='bbox 1129 1864 1221 1927; x_wconf 82' lang='lat' dir='ltr'><strong>funes</strong></span> <span class='ocrx_word' id='word_1_71' title='bbox 1236 1865 1362 1927; x_wconf 82' lang='lat' dir='ltr'><strong>ferrent.</strong></span> <span class='ocrx_word' id='word_1_72' title='bbox 1406 1862 1446 1926; x_wconf 90' lang='lat' dir='ltr'><strong>In</strong></span> <span class='ocrx_word' id='word_1_73' title='bbox 1463 1864 1574 1931; x_wconf 68' lang='lat' dir='ltr'><strong>restire</strong></span> 
     </span>
     <span class='ocr_line' id='line_1_12' title="bbox 622 1961 1572 2049; baseline 0 -22"><span class='ocrx_word' id='word_1_74' title='bbox 622 1963 829 2040; x_wconf 86' lang='lat' dir='ltr'><strong>exeuntibus,</strong></span> <span class='ocrx_word' id='word_1_75' title='bbox 843 1963 973 2044; x_wconf 84' lang='lat' dir='ltr'><strong>triginta</strong></span> <span class='ocrx_word' id='word_1_76' title='bbox 988 1961 1110 2025; x_wconf 88' lang='lat' dir='ltr'><strong>dierum</strong></span> <span class='ocrx_word' id='word_1_77' title='bbox 1127 1964 1261 2027; x_wconf 83' lang='lat' dir='ltr'><strong>farinam</strong></span> <span class='ocrx_word' id='word_1_78' title='bbox 1277 1967 1362 2028; x_wconf 91' lang='lat' dir='ltr'><strong>eollo</strong></span> <span class='ocrx_word' id='word_1_79' title='bbox 1376 1966 1495 2049; x_wconf 86' lang='lat' dir='ltr'><strong>portari</strong></span> <span class='ocrx_word' id='word_1_80' title='bbox 1511 1964 1572 2027; x_wconf 90' lang='lat' dir='ltr'><strong>im·</strong></span> 
     </span>
     <span class='ocr_line' id='line_1_13' title="bbox 620 2063 1571 2161; baseline -0.001 -32"><span class='ocrx_word' id='word_1_81' title='bbox 620 2065 754 2149; x_wconf 84' lang='lat' dir='ltr'><strong>perarit.</strong></span> <span class='ocrx_word' id='word_1_82' title='bbox 800 2064 838 2128; x_wconf 86' lang='lat' dir='ltr'><strong>C.</strong></span> <span class='ocrx_word' id='word_1_83' title='bbox 855 2063 978 2126; x_wconf 88' lang='lat' dir='ltr'><strong>Marius</strong></span> <span class='ocrx_word' id='word_1_84' title='bbox 1000 2063 1245 2161; x_wconf 71' lang='lat' dir='ltr'><strong>rqcidendorum</strong></span> <span class='ocrx_word' id='word_1_85' title='bbox 1268 2064 1571 2147; x_wconf 89' lang='lat' dir='ltr'><strong>impedimentorum</strong></span> 
     </span>
     <span class='ocr_line' id='line_1_14' title="bbox 621 2165 1573 2250; baseline 0 -20"><span class='ocrx_word' id='word_1_86' title='bbox 621 2167 731 2249; x_wconf 77' lang='lat' dir='ltr'><strong>gratia,</strong></span> <span class='ocrx_word' id='word_1_87' title='bbox 742 2166 857 2250; x_wconf 89' lang='lat' dir='ltr'><strong>quibus</strong></span> <span class='ocrx_word' id='word_1_88' title='bbox 872 2165 1009 2227; x_wconf 86' lang='lat' dir='ltr'><strong>maxime</strong></span> <span class='ocrx_word' id='word_1_89' title='bbox 1022 2165 1183 2228; x_wconf 83' lang='lat' dir='ltr'><strong>exercitus</strong></span> <span class='ocrx_word' id='word_1_90' title='bbox 1194 2186 1310 2244; x_wconf 82' lang='lat' dir='ltr'><strong>agmen</strong></span> <span class='ocrx_word' id='word_1_91' title='bbox 1327 2179 1484 2244; x_wconf 88' lang='lat' dir='ltr'><strong>oneratur,</strong></span> <span class='ocrx_word' id='word_1_92' title='bbox 1497 2187 1573 2230; x_wconf 89' lang='lat' dir='ltr'><strong>vasa</strong></span> 
     </span>
     <span class='ocr_line' id='line_1_15' title="bbox 620 2266 1572 2350; baseline -0.001 -19"><span class='ocrx_word' id='word_1_93' title='bbox 620 2279 653 2332; x_wconf 93' lang='lat' dir='ltr'><strong>et</strong></span> <span class='ocrx_word' id='word_1_94' title='bbox 667 2267 787 2331; x_wconf 88' lang='lat' dir='ltr'><strong>cibaria</strong></span> <span class='ocrx_word' id='word_1_95' title='bbox 798 2266 908 2329; x_wconf 89' lang='lat' dir='ltr'><strong>militis</strong></span> <span class='ocrx_word' id='word_1_96' title='bbox 919 2267 953 2328; x_wconf 93' lang='lat' dir='ltr'><strong>in</strong></span> <span class='ocrx_word' id='word_1_97' title='bbox 965 2266 1134 2328; x_wconf 82' lang='lat' dir='ltr'><strong>fasciculos</strong></span> <span class='ocrx_word' id='word_1_98' title='bbox 1146 2277 1265 2348; x_wconf 85' lang='lat' dir='ltr'><strong>aptata,</strong></span> <span class='ocrx_word' id='word_1_99' title='bbox 1277 2267 1375 2329; x_wconf 87' lang='lat' dir='ltr'><strong>furcis</strong></span> <span class='ocrx_word' id='word_1_100' title='bbox 1387 2268 1572 2350; x_wconf 75' lang='lat' dir='ltr'><strong>praeposuit,</strong></span> 
     </span>
     <span class='ocr_line' id='line_1_16' title="bbox 618 2367 1569 2452; baseline -0.002 -19"><span class='ocrx_word' id='word_1_101' title='bbox 618 2370 678 2433; x_wconf 90' lang='lat' dir='ltr'><strong>sub</strong></span> <span class='ocrx_word' id='word_1_102' title='bbox 703 2369 818 2452; x_wconf 88' lang='lat' dir='ltr'><strong>quibus</strong></span> <span class='ocrx_word' id='word_1_103' title='bbox 840 2378 872 2431; x_wconf 91' lang='lat' dir='ltr'><strong>et</strong></span> <span class='ocrx_word' id='word_1_104' title='bbox 901 2367 1008 2431; x_wconf 90' lang='lat' dir='ltr'><strong>habile</strong></span> <span class='ocrx_word' id='word_1_105' title='bbox 1031 2389 1125 2441; x_wconf 83' lang='lat' dir='ltr'><strong>onus,</strong></span> <span class='ocrx_word' id='word_1_106' title='bbox 1149 2379 1181 2430; x_wconf 94' lang='lat' dir='ltr'><strong>et</strong></span> <span class='ocrx_word' id='word_1_107' title='bbox 1203 2367 1305 2430; x_wconf 86' lang='lat' dir='ltr'><strong>facilis</strong></span> <span class='ocrx_word' id='word_1_108' title='bbox 1327 2368 1454 2451; x_wconf 87' lang='lat' dir='ltr'><strong>requies</strong></span> <span class='ocrx_word' id='word_1_109' title='bbox 1476 2378 1569 2432; x_wconf 90' lang='lat' dir='ltr'><strong>esset.</strong></span> 
     </span>
     <span class='ocr_line' id='line_1_17' title="bbox 622 2469 1569 2553; baseline -0.004 -18"><span class='ocrx_word' id='word_1_110' title='bbox 622 2471 717 2536; x_wconf 93' lang='lat' dir='ltr'><strong>Unde</strong></span> <span class='ocrx_word' id='word_1_111' title='bbox 740 2470 941 2553; x_wconf 82' lang='lat' dir='ltr'><strong>proverbium</strong></span> <span class='ocrx_word' id='word_1_112' title='bbox 963 2480 1072 2533; x_wconf 89' lang='lat' dir='ltr'><strong>natum</strong></span> <span class='ocrx_word' id='word_1_113' title='bbox 1097 2480 1155 2546; x_wconf 89' lang='lat' dir='ltr'><strong>est,</strong></span> <span class='ocrx_word' id='word_1_114' title='bbox 1177 2469 1260 2531; x_wconf 88' lang='lat' dir='ltr'><strong>Muli</strong></span> <span class='ocrx_word' id='word_1_115' title='bbox 1284 2469 1399 2532; x_wconf 88' lang='lat' dir='ltr'><strong>milites</strong></span> <span class='ocrx_word' id='word_1_116' title='bbox 1419 2470 1569 2532; x_wconf 89' lang='lat' dir='ltr'><strong>Mariani.</strong></span> 
     </span>
     <span class='ocr_line' id='line_1_18' title="bbox 619 2571 1570 2658; baseline -0.003 -21"><span class='ocrx_word' id='word_1_117' title='bbox 619 2572 787 2658; x_wconf 85' lang='lat' dir='ltr'><strong>Lysander</strong></span> <span class='ocrx_word' id='word_1_118' title='bbox 815 2572 1082 2636; x_wconf 87' lang='lat' dir='ltr'><strong>Lacedaemonius</strong></span> <span class='ocrx_word' id='word_1_119' title='bbox 1119 2591 1281 2651; x_wconf 85' lang='lat' dir='ltr'><strong>egressum</strong></span> <span class='ocrx_word' id='word_1_120' title='bbox 1320 2571 1371 2633; x_wconf 87' lang='lat' dir='ltr'><strong>ria</strong></span> <span class='ocrx_word' id='word_1_121' title='bbox 1407 2571 1570 2655; x_wconf 90' lang='lat' dir='ltr'><strong>quendam</strong></span> 
     </span>
     <span class='ocr_line' id='line_1_19' title="bbox 619 2671 1569 2758; baseline -0.004 -18"><span class='ocrx_word' id='word_1_122' title='bbox 619 2677 807 2758; x_wconf 83' lang='lat' dir='ltr'><strong>castigabat.</strong></span> <span class='ocrx_word' id='word_1_123' title='bbox 852 2675 914 2740; x_wconf 88' lang='lat' dir='ltr'><strong>Cui</strong></span> <span class='ocrx_word' id='word_1_124' title='bbox 930 2673 1052 2738; x_wconf 90' lang='lat' dir='ltr'><strong>dicenti</strong></span> <span class='ocrx_word' id='word_1_125' title='bbox 1068 2671 1109 2736; x_wconf 92' lang='lat' dir='ltr'><strong>ad</strong></span> <span class='ocrx_word' id='word_1_126' title='bbox 1124 2673 1244 2735; x_wconf 90' lang='lat' dir='ltr'><strong>nullius</strong></span> <span class='ocrx_word' id='word_1_127' title='bbox 1259 2672 1303 2735; x_wconf 88' lang='lat' dir='ltr'><strong>rei</strong></span> <span class='ocrx_word' id='word_1_128' title='bbox 1319 2672 1463 2757; x_wconf 88' lang='lat' dir='ltr'><strong>rapinam</strong></span> <span class='ocrx_word' id='word_1_129' title='bbox 1479 2694 1512 2736; x_wconf 91' lang='lat' dir='ltr'><strong>se</strong></span> <span class='ocrx_word' id='word_1_130' title='bbox 1528 2673 1569 2736; x_wconf 93' lang='lat' dir='ltr'><strong>ab</strong></span> 
     </span>
     <span class='ocr_line' id='line_1_20' title="bbox 618 2773 1570 2861; baseline -0.006 -18"><span class='ocrx_word' id='word_1_131' title='bbox 618 2779 743 2861; x_wconf 82' lang='lat' dir='ltr'><strong>agmine</strong></span> <span class='ocrx_word' id='word_1_132' title='bbox 772 2778 955 2855; x_wconf 85' lang='lat' dir='ltr'><strong>recessisse,</strong></span> <span class='ocrx_word' id='word_1_133' title='bbox 976 2775 1159 2860; x_wconf 89' lang='lat' dir='ltr'><strong>respondit:</strong></span> <span class='ocrx_word' id='word_1_134' title='bbox 1195 2775 1246 2838; x_wconf 91' lang='lat' dir='ltr'><strong>Ne</strong></span> <span class='ocrx_word' id='word_1_135' title='bbox 1268 2775 1408 2858; x_wconf 89' lang='lat' dir='ltr'><strong>speciem</strong></span> <span class='ocrx_word' id='word_1_136' title='bbox 1436 2773 1570 2858; x_wconf 91' lang='lat' dir='ltr'><strong>quidem</strong></span> 
     </span>
     <span class='ocr_line' id='line_1_21' title="bbox 617 2874 1569 2959; baseline -0.002 -19"><span class='ocrx_word' id='word_1_137' title='bbox 617 2878 737 2959; x_wconf 87' lang='lat' dir='ltr'><strong>rapturi</strong></span> <span class='ocrx_word' id='word_1_138' title='bbox 758 2877 913 2958; x_wconf 80' lang='lat' dir='ltr'><strong>praebeas,</strong></span> <span class='ocrx_word' id='word_1_139' title='bbox 933 2875 1017 2937; x_wconf 89' lang='lat' dir='ltr'><strong>volo.</strong></span> <span class='ocrx_word' id='word_1_140' title='bbox 1061 2875 1197 2937; x_wconf 91' lang='lat' dir='ltr'><strong>Publius</strong></span> <span class='ocrx_word' id='word_1_141' title='bbox 1220 2876 1341 2937; x_wconf 85' lang='lat' dir='ltr'><strong>Nasica</strong></span> <span class='ocrx_word' id='word_1_142' title='bbox 1362 2876 1397 2937; x_wconf 91' lang='lat' dir='ltr'><strong>in</strong></span> <span class='ocrx_word' id='word_1_143' title='bbox 1415 2874 1569 2956; x_wconf 86' lang='lat' dir='ltr'><strong>hybernis</strong></span> 
     </span>
     <span class='ocr_line' id='line_1_22' title="bbox 617 2975 1567 3062; baseline -0.003 -23"><span class='ocrx_word' id='word_1_144' title='bbox 617 2976 762 3062; x_wconf 78' lang='lat' dir='ltr'><strong>quamvis</strong></span> <span class='ocrx_word' id='word_1_145' title='bbox 777 2975 887 3035; x_wconf 89' lang='lat' dir='ltr'><strong>classis</strong></span> <span class='ocrx_word' id='word_1_146' title='bbox 903 2994 979 3035; x_wconf 88' lang='lat' dir='ltr'><strong>usus</strong></span> <span class='ocrx_word' id='word_1_147' title='bbox 994 2993 1060 3034; x_wconf 93' lang='lat' dir='ltr'><strong>non</strong></span> <span class='ocrx_word' id='word_1_148' title='bbox 1076 2987 1159 3035; x_wconf 89' lang='lat' dir='ltr'><strong>esset</strong></span> <span class='ocrx_word' id='word_1_149' title='bbox 1172 2976 1381 3051; x_wconf 89' lang='lat' dir='ltr'><strong>necessarius,</strong></span> <span class='ocrx_word' id='word_1_150' title='bbox 1397 2996 1439 3037; x_wconf 91' lang='lat' dir='ltr'><strong>ne</strong></span> <span class='ocrx_word' id='word_1_151' title='bbox 1461 2986 1567 3038; x_wconf 88' lang='lat' dir='ltr'><strong>tamen</strong></span> 
     </span>
     <span class='ocr_line' id='line_1_23' title="bbox 616 3071 1570 3157; baseline -0.001 -19"><span class='ocrx_word' id='word_1_152' title='bbox 616 3076 709 3138; x_wconf 90' lang='lat' dir='ltr'><strong>miles</strong></span> <span class='ocrx_word' id='word_1_153' title='bbox 732 3071 855 3136; x_wconf 91' lang='lat' dir='ltr'><strong>desidia</strong></span> <span class='ocrx_word' id='word_1_154' title='bbox 876 3085 1138 3154; x_wconf 87' lang='lat' dir='ltr'><strong>corrumperetur,</strong></span> <span class='ocrx_word' id='word_1_155' title='bbox 1161 3083 1219 3134; x_wconf 91' lang='lat' dir='ltr'><strong>aut</strong></span> <span class='ocrx_word' id='word_1_156' title='bbox 1240 3094 1296 3157; x_wconf 92' lang='lat' dir='ltr'><strong>per</strong></span> <span class='ocrx_word' id='word_1_157' title='bbox 1320 3074 1486 3137; x_wconf 87' lang='lat' dir='ltr'><strong>licentiam</strong></span> <span class='ocrx_word' id='word_1_158' title='bbox 1512 3075 1570 3137; x_wconf 93' lang='lat' dir='ltr'><strong>otii</strong></span> 
     </span>
     <span class='ocr_line' id='line_1_24' title="bbox 618 3172 1567 3257; baseline -0.002 -17"><span class='ocrx_word' id='word_1_159' title='bbox 618 3177 714 3241; x_wconf 87' lang='lat' dir='ltr'><strong>sociis</strong></span> <span class='ocrx_word' id='word_1_160' title='bbox 743 3174 871 3238; x_wconf 81' lang='lat' dir='ltr'><strong>inferret</strong></span> <span class='ocrx_word' id='word_1_161' title='bbox 906 3172 1068 3257; x_wconf 87' lang='lat' dir='ltr'><strong>injuriam,</strong></span> <span class='ocrx_word' id='word_1_162' title='bbox 1096 3194 1194 3236; x_wconf 83' lang='lat' dir='ltr'><strong>nares</strong></span> <span class='ocrx_word' id='word_1_163' title='bbox 1223 3172 1382 3238; x_wconf 84' lang='lat' dir='ltr'><strong>aedificare</strong></span> <span class='ocrx_word' id='word_1_164' title='bbox 1419 3175 1567 3238; x_wconf 88' lang='lat' dir='ltr'><strong>instituit.</strong></span> 
     </span>
     <span class='ocr_line' id='line_1_25' title="bbox 617 3273 1570 3359; baseline -0.002 -17"><span class='ocrx_word' id='word_1_165' title='bbox 617 3278 708 3342; x_wconf 89' lang='lat' dir='ltr'><strong>Idem</strong></span> <span class='ocrx_word' id='word_1_166' title='bbox 738 3296 865 3359; x_wconf 89' lang='lat' dir='ltr'><strong>quoque</strong></span> <span class='ocrx_word' id='word_1_167' title='bbox 888 3273 1060 3337; x_wconf 89' lang='lat' dir='ltr'><strong>Frontinus</strong></span> <span class='ocrx_word' id='word_1_168' title='bbox 1081 3274 1163 3338; x_wconf 88' lang='lat' dir='ltr'><strong>iuter</strong></span> <span class='ocrx_word' id='word_1_169' title='bbox 1184 3277 1284 3340; x_wconf 87' lang='lat' dir='ltr'><strong>multa</strong></span> <span class='ocrx_word' id='word_1_170' title='bbox 1305 3277 1493 3340; x_wconf 84' lang='lat' dir='ltr'><strong>coustantiae</strong></span> <span class='ocrx_word' id='word_1_171' title='bbox 1520 3277 1570 3340; x_wconf 92' lang='lat' dir='ltr'><strong>in·</strong></span> 
     </span>
     <span class='ocr_line' id='line_1_26' title="bbox 617 3375 1570 3461; baseline -0.001 -17"><span class='ocrx_word' id='word_1_172' title='bbox 617 3380 719 3461; x_wconf 79' lang='lat' dir='ltr'><strong>signia</strong></span> <span class='ocrx_word' id='word_1_173' title='bbox 747 3377 851 3451; x_wconf 86' lang='lat' dir='ltr'><strong>refert,</strong></span> <span class='ocrx_word' id='word_1_174' title='bbox 882 3375 968 3460; x_wconf 93' lang='lat' dir='ltr'><strong>quod</strong></span> <span class='ocrx_word' id='word_1_175' title='bbox 999 3376 1150 3440; x_wconf 88' lang='lat' dir='ltr'><strong>Cassilini</strong></span> <span class='ocrx_word' id='word_1_176' title='bbox 1187 3378 1352 3442; x_wconf 86' lang='lat' dir='ltr'><strong>obsidente</strong></span> <span class='ocrx_word' id='word_1_177' title='bbox 1385 3380 1570 3443; x_wconf 89' lang='lat' dir='ltr'><strong>Hannibale</strong></span> 
     </span>
     <span class='ocr_line' id='line_1_27' title="bbox 617 3476 1570 3557; baseline 0 -16"><span class='ocrx_word' id='word_1_178' title='bbox 617 3489 738 3542; x_wconf 72' lang='lat' dir='ltr'><strong>tantmn</strong></span> <span class='ocrx_word' id='word_1_179' title='bbox 768 3476 911 3555; x_wconf 88' lang='lat' dir='ltr'><strong>inopiam</strong></span> <span class='ocrx_word' id='word_1_180' title='bbox 939 3476 1086 3557; x_wconf 87' lang='lat' dir='ltr'><strong>perpessi</strong></span> <span class='ocrx_word' id='word_1_181' title='bbox 1115 3488 1200 3552; x_wconf 87' lang='lat' dir='ltr'><strong>sunt,</strong></span> <span class='ocrx_word' id='word_1_182' title='bbox 1228 3489 1264 3539; x_wconf 92' lang='lat' dir='ltr'><strong>ut</strong></span> <span class='ocrx_word' id='word_1_183' title='bbox 1293 3497 1413 3539; x_wconf 89' lang='lat' dir='ltr'><strong>murem</strong></span> <span class='ocrx_word' id='word_1_184' title='bbox 1445 3479 1570 3541; x_wconf 78' lang='lat' dir='ltr'><strong>venisse</strong></span> 
     </span>
     <span class='ocr_line' id='line_1_28' title="bbox 620 3574 1568 3661; baseline -0.001 -20"><span class='ocrx_word' id='word_1_185' title='bbox 620 3586 750 3643; x_wconf 89' lang='lat' dir='ltr'><strong>centum</strong></span> <span class='ocrx_word' id='word_1_186' title='bbox 765 3574 906 3637; x_wconf 90' lang='lat' dir='ltr'><strong>denariis</strong></span> <span class='ocrx_word' id='word_1_187' title='bbox 921 3574 1081 3636; x_wconf 74' lang='lat' dir='ltr'><strong>memorias</strong></span> <span class='ocrx_word' id='word_1_188' title='bbox 1096 3575 1256 3658; x_wconf 90' lang='lat' dir='ltr'><strong>proditum</strong></span> <span class='ocrx_word' id='word_1_189' title='bbox 1272 3577 1323 3650; x_wconf 90' lang='lat' dir='ltr'><strong>sit,</strong></span> <span class='ocrx_word' id='word_1_190' title='bbox 1339 3576 1475 3661; x_wconf 90' lang='lat' dir='ltr'><strong>ejusque</strong></span> <span class='ocrx_word' id='word_1_191' title='bbox 1491 3599 1568 3640; x_wconf 84' lang='lat' dir='ltr'><strong>ven·</strong></span> 
     </span>
     <span class='ocr_line' id='line_1_29' title="bbox 619 3674 1569 3760; baseline 0.003 -18"><span class='ocrx_word' id='word_1_192' title='bbox 619 3679 751 3743; x_wconf 88' lang='lat' dir='ltr'><strong>ditorem</strong></span> <span class='ocrx_word' id='word_1_193' title='bbox 766 3676 848 3737; x_wconf 88' lang='lat' dir='ltr'><strong>same</strong></span> <span class='ocrx_word' id='word_1_194' title='bbox 867 3674 1011 3758; x_wconf 87' lang='lat' dir='ltr'><strong>periisse,</strong></span> <span class='ocrx_word' id='word_1_195' title='bbox 1027 3687 1201 3760; x_wconf 89' lang='lat' dir='ltr'><strong>emptorem</strong></span> <span class='ocrx_word' id='word_1_196' title='bbox 1222 3688 1328 3741; x_wconf 90' lang='lat' dir='ltr'><strong>autem</strong></span> <span class='ocrx_word' id='word_1_197' title='bbox 1345 3679 1474 3756; x_wconf 84' lang='lat' dir='ltr'><strong>vixisse,</strong></span> <span class='ocrx_word' id='word_1_198' title='bbox 1489 3681 1569 3745; x_wconf 88' lang='lat' dir='ltr'><strong>etin</strong></span> 
     </span>
     <span class='ocr_line' id='line_1_30' title="bbox 617 3776 1567 3858; baseline 0.005 -13"><span class='ocrx_word' id='word_1_199' title='bbox 617 3791 706 3845; x_wconf 86' lang='lat' dir='ltr'><strong>tauta</strong></span> <span class='ocrx_word' id='word_1_200' title='bbox 731 3777 878 3858; x_wconf 84' lang='lat' dir='ltr'><strong>angustia</strong></span> <span class='ocrx_word' id='word_1_201' title='bbox 896 3776 992 3840; x_wconf 90' lang='lat' dir='ltr'><strong>fidem</strong></span> <span class='ocrx_word' id='word_1_202' title='bbox 1019 3799 1161 3842; x_wconf 81' lang='lat' dir='ltr'><strong>servasse</strong></span> <span class='ocrx_word' id='word_1_203' title='bbox 1185 3779 1350 3844; x_wconf 86' lang='lat' dir='ltr'><strong>Romanis.</strong></span> <span class='ocrx_word' id='word_1_204' title='bbox 1395 3782 1523 3848; x_wconf 90' lang='lat' dir='ltr'><strong>Petilini</strong></span> <span class='ocrx_word' id='word_1_205' title='bbox 1546 3807 1567 3850; x_wconf 92' lang='lat' dir='ltr'><strong>a</strong></span> 
     </span>
     <span class='ocr_line' id='line_1_31' title="bbox 618 3878 1567 3970; baseline 0.004 -26"><span class='ocrx_word' id='word_1_206' title='bbox 618 3880 729 3947; x_wconf 88' lang='lat' dir='ltr'><strong>Poenis</strong></span> <span class='ocrx_word' id='word_1_207' title='bbox 752 3878 885 3955; x_wconf 89' lang='lat' dir='ltr'><strong>obsessi,</strong></span> <span class='ocrx_word' id='word_1_208' title='bbox 906 3890 1057 3962; x_wconf 88' lang='lat' dir='ltr'><strong>parentes</strong></span> <span class='ocrx_word' id='word_1_209' title='bbox 1079 3892 1111 3944; x_wconf 88' lang='lat' dir='ltr'><strong>et</strong></span> <span class='ocrx_word' id='word_1_210' title='bbox 1132 3881 1251 3945; x_wconf 91' lang='lat' dir='ltr'><strong>liberos</strong></span> <span class='ocrx_word' id='word_1_211' title='bbox 1273 3893 1402 3968; x_wconf 81' lang='lat' dir='ltr'><strong>propter</strong></span> <span class='ocrx_word' id='word_1_212' title='bbox 1424 3885 1567 3970; x_wconf 87' lang='lat' dir='ltr'><strong>inopiam</strong></span> 
     </span>
     <span class='ocr_line' id='line_1_32' title="bbox 618 3979 1569 4071; baseline 0.001 -21"><span class='ocrx_word' id='word_1_213' title='bbox 618 3984 788 4071; x_wconf 89' lang='lat' dir='ltr'><strong>ejecerunt,</strong></span> <span class='ocrx_word' id='word_1_214' title='bbox 818 3979 880 4064; x_wconf 91' lang='lat' dir='ltr'><strong>ipsi</strong></span> <span class='ocrx_word' id='word_1_215' title='bbox 909 3980 1003 4044; x_wconf 88' lang='lat' dir='ltr'><strong>coriis</strong></span> <span class='ocrx_word' id='word_1_216' title='bbox 1032 3981 1229 4062; x_wconf 83' lang='lat' dir='ltr'><strong>madefactis,</strong></span> <span class='ocrx_word' id='word_1_217' title='bbox 1259 3995 1292 4048; x_wconf 90' lang='lat' dir='ltr'><strong>et</strong></span> <span class='ocrx_word' id='word_1_218' title='bbox 1326 3987 1399 4068; x_wconf 86' lang='lat' dir='ltr'><strong>igne</strong></span> <span class='ocrx_word' id='word_1_219' title='bbox 1428 3987 1569 4062; x_wconf 88' lang='lat' dir='ltr'><strong>siccatis,</strong></span> 
     </span>
     <span class='ocr_line' id='line_1_33' title="bbox 618 4082 1568 4170; baseline -0.002 -18"><span class='ocrx_word' id='word_1_220' title='bbox 618 4087 767 4170; x_wconf 83' lang='lat' dir='ltr'><strong>foliisque</strong></span> <span class='ocrx_word' id='word_1_221' title='bbox 786 4082 944 4159; x_wconf 90' lang='lat' dir='ltr'><strong>arborum,</strong></span> <span class='ocrx_word' id='word_1_222' title='bbox 965 4093 997 4147; x_wconf 89' lang='lat' dir='ltr'><strong>et</strong></span> <span class='ocrx_word' id='word_1_223' title='bbox 1016 4083 1103 4146; x_wconf 90' lang='lat' dir='ltr'><strong>omui</strong></span> <span class='ocrx_word' id='word_1_224' title='bbox 1126 4105 1244 4166; x_wconf 82' lang='lat' dir='ltr'><strong>genere</strong></span> <span class='ocrx_word' id='word_1_225' title='bbox 1264 4087 1449 4149; x_wconf 89' lang='lat' dir='ltr'><strong>animalium</strong></span> <span class='ocrx_word' id='word_1_226' title='bbox 1473 4088 1568 4150; x_wconf 85' lang='lat' dir='ltr'><strong>vitam</strong></span> 
     </span>
     <span class='ocr_line' id='line_1_34' title="bbox 618 4183 1567 4262; baseline -0.003 -8"><span class='ocrx_word' id='word_1_227' title='bbox 618 4189 790 4262; x_wconf 87' lang='lat' dir='ltr'><strong>trahentes,</strong></span> <span class='ocrx_word' id='word_1_228' title='bbox 806 4183 957 4248; x_wconf 87' lang='lat' dir='ltr'><strong>undecim</strong></span> <span class='ocrx_word' id='word_1_229' title='bbox 975 4206 1103 4248; x_wconf 88' lang='lat' dir='ltr'><strong>menses</strong></span> <span class='ocrx_word' id='word_1_230' title='bbox 1123 4186 1324 4250; x_wconf 87' lang='lat' dir='ltr'><strong>obsidionem</strong></span> <span class='ocrx_word' id='word_1_231' title='bbox 1346 4188 1567 4252; x_wconf 82' lang='lat' dir='ltr'><strong>toleraverunt.</strong></span> 
     </span>
     <span class='ocr_line' id='line_1_35' title="bbox 620 4287 1567 4373; baseline 0 -17"><span class='ocrx_word' id='word_1_232' title='bbox 620 4291 760 4373; x_wconf 87' lang='lat' dir='ltr'><strong>Hispani</strong></span> <span class='ocrx_word' id='word_1_233' title='bbox 776 4290 954 4355; x_wconf 88' lang='lat' dir='ltr'><strong>Fabrenses</strong></span> <span class='ocrx_word' id='word_1_234' title='bbox 976 4288 1085 4351; x_wconf 89' lang='lat' dir='ltr'><strong>oronia</strong></span> <span class='ocrx_word' id='word_1_235' title='bbox 1106 4287 1217 4351; x_wconf 89' lang='lat' dir='ltr'><strong>eadem</strong></span> <span class='ocrx_word' id='word_1_236' title='bbox 1240 4288 1384 4373; x_wconf 88' lang='lat' dir='ltr'><strong>perpessi</strong></span> <span class='ocrx_word' id='word_1_237' title='bbox 1405 4303 1489 4367; x_wconf 89' lang='lat' dir='ltr'><strong>sunt,</strong></span> <span class='ocrx_word' id='word_1_238' title='bbox 1506 4313 1567 4356; x_wconf 92' lang='lat' dir='ltr'><strong>nec</strong></span> 
     </span>
     <span class='ocr_line' id='line_1_36' title="bbox 619 4388 1568 4478; baseline -0.001 -20"><span class='ocrx_word' id='word_1_239' title='bbox 619 4390 887 4474; x_wconf 86' lang='lat' dir='ltr'><strong>tamenoppidum</strong></span> <span class='ocrx_word' id='word_1_240' title='bbox 896 4388 1282 4457; x_wconf 88' lang='lat' dir='ltr'><strong>Herculeiotradideruut.</strong></span> <span class='ocrx_word' id='word_1_241' title='bbox 1306 4390 1568 4478; x_wconf 73' lang='lat' dir='ltr'><strong>Cyzicumquum</strong></span> 
     </span>
    </p>
   </div>
   <div class='ocr_carea' id='block_1_3' title="bbox 0 0 2046 5634">
    <p class='ocr_par' dir='ltr' id='par_1_3' title="bbox 0 0 2046 5634">
     <span class='ocr_line' id='line_1_37' title="bbox 0 0 2046 5634; baseline 0 4"><span class='ocrx_word' id='word_1_242' title='bbox 0 0 2046 5634; x_wconf 95' lang='lat' dir='ltr'><strong> </strong></span> 
     </span>
    </p>
   </div>
  </div>
 </body>
</html>
