4084 5634
648 792 689 849 46
894 805 1326 854 αοΑΝΝῐεεΔκεεηιιιεΝειε
1461 789 1543 868 [nra.
1559 809 1603 853 vr.

648 958 688 1020 In
712 956 826 1020 diebus
846 956 915 1039 ejus
936 956 1151 1039 multiplicata
1173 968 1247 1020 sunt
1269 959 1355 1021 mala
1380 959 1415 1021 in
1442 971 1534 1038 terra,
1558 973 1604 1037 ut,

648 1058 676 1120 si
702 1056 776 1138 quis
799 1078 840 1119 ea
864 1057 1046 1120 summatim
1075 1068 1253 1136 recenseat,
1277 1058 1442 1123 historiam
1466 1061 1603 1143 Josephi

647 1157 774 1240 possint
796 1156 965 1221 excedere.
1013 1159 1228 1220 Veruntamen
1253 1155 1373 1221 saillis
1394 1160 1605 1242 puerivirtus

647 1258 808 1342 opposuit,
823 1268 857 1321 et
874 1258 940 1322 fere
958 1267 1031 1322 anta
1047 1269 1173 1322 aetatem
1189 1270 1245 1322 aut
1258 1280 1376 1322 munus
1391 1260 1537 1339 militare,
1553 1262 1600 1324 sic

646 1360 890 1441 malignantium
912 1361 1067 1443 impetum
1091 1359 1196 1442 fregit,
1211 1373 1247 1424 ut
1261 1361 1447 1426 Theodosio
1462 1362 1603 1447 juniore,

648 1482 742 1544 quem
783 1461 923 1525 historiae
964 1462 1134 1525 conserunt
1171 1463 1368 1539 Alexandro,
1406 1463 1602 1548 quandoque

647 1560 752 1624 dictus
775 1561 904 1624 sitnon
927 1582 997 1623 esse
1020 1570 1053 1624 et
1076 1582 1208 1625 munera
1233 1584 1398 1646 nunquam
1422 1565 1602 1628 inveniatur

645 1662 783 1725 inferior.
828 1664 900 1726 Nec
927 1682 1028 1739 mora,
1050 1663 1083 1723 in
1108 1662 1222 1743 primis
1247 1664 1474 1728 adolescentiae
1499 1666 1603 1740 annis,

646 1764 794 1846 impubes
822 1762 941 1839 adhuc,
970 1762 1119 1826 militiam
1158 1785 1326 1846 aggressus
1356 1775 1416 1843 est,
1444 1767 1601 1849 vultuque

644 1863 804 1940 ferociori,
833 1875 866 1927 et
896 1863 1016 1926 fortiori
1046 1883 1143 1926 manu
1173 1864 1272 1928 divini
1303 1866 1427 1944 auxilii,
1456 1866 1601 1930 hostium
1668 1883 1671 1889 ·

648 1964 747 2028 corda
769 1965 934 2028 concussit
955 1978 988 2028 et
1011 1965 1113 2045 sregit.
1159 1966 1338 2050 Statimque
1360 1968 1602 2032 insurrexerunt

644 2067 690 2128 in*
708 2087 782 2129 eum
818 2087 908 2147 reges
938 2066 1145 2144 Francorum,
1176 2077 1209 2130 et
1237 2069 1426 2149 Anglorum,
1455 2068 1600 2133 collectis

644 2167 764 2231 viribus
786 2168 863 2245 suis,
878 2180 911 2230 et
931 2179 1068 2251 utroque
1089 2168 1259 2231 immanior
1282 2169 1385 2231 hostis
1405 2170 1601 2232 Eustachius

642 2269 710 2345 ille,
732 2269 872 2332 sororius
895 2269 978 2349 regis
1004 2269 1212 2346 Francorum,
1234 2269 1289 2351 qui
1312 2269 1474 2352 propriam
1500 2289 1600 2349 agens

643 2390 785 2448 causam,
799 2391 864 2432 non
880 2381 945 2432 tam
959 2371 1055 2453 patri,
1069 2391 1164 2454 quam
1180 2370 1252 2447 sibi,
1267 2380 1434 2453 paternum
1450 2369 1600 2433 diadema

644 2491 832 2534 conservare
861 2471 1033 2535 nitebatur.
1088 2470 1133 2531 Et
1162 2490 1218 2532 eos
1247 2468 1376 2553 quidem
1406 2490 1472 2532 non
1502 2469 1599 2532 modo

643 2572 775 2636 viriliter
786 2574 1024 2658 Neoptolemus
1032 2582 1141 2634 noster
1156 2570 1317 2648 sustinuit,
1327 2569 1385 2635 sed
1400 2592 1442 2634 ex
1458 2571 1599 2635 maxima

642 2685 732 2758 parte
748 2682 894 2758 potenter
910 2674 1081 2757 superavit.
1127 2673 1225 2736 Unde
1240 2683 1345 2738 tactus
1361 2673 1470 2736 dolore
1491 2672 1599 2736 cordis

642 2775 834 2839 intrinsecus
857 2776 1066 2853 Eustachius,
1089 2795 1184 2858 quem
1207 2775 1357 2860 praedixi,
1373 2775 1460 2859 quod
1481 2775 1514 2837 in
1536 2775 1600 2837 vita

643 2875 800 2953 optimum
810 2875 896 2949 iecit,
909 2875 1005 2936 rebus
1019 2875 1162 2936 excessit
1173 2874 1334 2948 humanis,
1348 2897 1454 2956 quem,
1464 2873 1600 2936 laetanti·

641 2972 703 3034 bus
716 2972 823 3048 bouis,
839 2982 872 3033 et
885 2972 1026 3052 publicae
1041 2971 1178 3032 sortuuae
1194 2973 1503 3050 congratulantibus,
1518 2992 1597 3053 quo-

641 3071 729 3135 niam
743 3071 797 3134 hic
814 3071 976 3152 flagellum
992 3068 1080 3133 aliud
1095 3069 1206 3151 patriae
1222 3071 1420 3148 imminebat,
1435 3072 1588 3136 luxerunt

781 3194 989 3248 Ambubaiarum
999 3192 1120 3261 collegia,
1133 3192 1348 3264 pharmacopola,

784 3281 911 3347 Mendici,
923 3280 1006 3345 mimi,
1018 3279 1176 3346 balatrones,
1189 3279 1238 3332 hoo
1250 3297 1333 3349 genus
1344 3296 1429 3333 omne.

641 3397 692 3459 Ne
711 3405 818 3458 tamen
838 3395 946 3458 obitus
966 3396 1036 3480 ejus
1058 3395 1166 3476 gloriae
1189 3393 1280 3458 ducis
1300 3395 1402 3458 nostri
1421 3393 1597 3478 quicquam

641 3494 832 3565 detraheret,
863 3492 1060 3556 deditionem
1092 3494 1314 3569 Craumersioe,
1337 3494 1370 3555 in
1401 3494 1493 3576 cujus
1522 3496 1597 3556 sub·

644 3594 760 3658 sidium
777 3613 851 3655 cum
865 3604 955 3675 patre
971 3604 1100 3655 venerat
1117 3593 1151 3654 in
1166 3613 1263 3655 mauu
1278 3590 1394 3665 valida,
1410 3602 1443 3655 et
1462 3613 1596 3656 numero

641 3685 788 3777 ampliori
817 3693 909 3754 vivus
938 3702 1089 3768 armatus,
1116 3691 1254 3754 militum
1284 3692 1460 3755 instructus
1491 3692 1597 3775 copia,

640 3795 791 3860 sustinuit
819 3812 961 3877 praesens
991 3804 1025 3856 et
1054 3793 1147 3856 vidit.
1208 3793 1295 3856 Dux
1324 3803 1431 3856 autem
1460 3793 1596 3856 consilio

640 3898 736 3962 nnius
750 3897 968 3980 praemonitus,
982 3896 1064 3960 inter
1083 3905 1222 3960 castrum
1244 3894 1330 3980 qnod
1354 3916 1411 3959 rex
1427 3894 1596 3973 munierat,

639 4009 672 4066 et
689 3999 773 4081 regis
787 3999 908 4083 copias,
924 4020 1028 4077 suum,
1044 3999 1101 4062 sed
1120 4001 1216 4080 longe
1238 4000 1393 4062 minorem
1415 3996 1594 4060 exercitum

638 4100 806 4186 interjecit.
859 4100 910 4161 Ne
947 4109 1052 4162 tamen
1100 4099 1162 4162 hoc
1201 4099 1390 4180 alienigenae
1432 4097 1595 4161 ascribant

638 4204 758 4267 viribus
781 4201 857 4278 suis,
879 4211 987 4264 nostro
1010 4202 1171 4283 praecipua
1201 4200 1300 4263 milite
1325 4199 1496 4262 nitebatur.
1542 4199 1594 4263 Ad

638 4303 702 4366 hoc
726 4302 853 4367 demum
880 4302 1087 4384 exigentibus
1114 4300 1220 4383 culpis
1244 4299 1418 4383 perductus
1447 4309 1507 4376 est,
1535 4301 1592 4383 qui

640 4423 770 4484 regnum
790 4412 1012 4488 occupaverat,
1025 4411 1061 4465 ut
1078 4410 1244 4483 cogeretur
1263 4399 1458 4466 exheredare
1478 4401 1593 4479 fitium,
