4084 5634
537 841 615 898 nih.
632 829 697 911 rin]
887 835 1145 893 rotronsrrcns.
1430 821 1490 895 'trs

541 1002 601 1080 illi,
618 1002 673 1090 qui
689 1001 786 1067 tantis
800 998 951 1065 laudibus
970 999 1159 1087 efferuntur,
1177 1012 1312 1086 quantas
1324 999 1490 1065 obducunt

539 1105 703 1171 tenebras!
732 1105 820 1181 Quos
843 1101 1000 1166 invehunt
1025 1099 1150 1166 metus!
1182 1103 1270 1179 Quas
1292 1100 1490 1166 inflammant

539 1207 730 1292 cupiditates
743 1210 750 1270 !
776 1205 822 1269 Hi
834 1215 955 1289 stupra,
965 1202 1186 1292 adulteriaque
1198 1204 1376 1281 conciliant,
1388 1206 1492 1270 varias

539 1309 605 1374 doli
634 1321 781 1396 reparant
805 1321 900 1384 artes,
923 1304 1015 1386 furta,
1038 1307 1174 1392 rapinas,
1197 1306 1345 1372 incendia
1365 1307 1492 1388 docent,

537 1435 613 1499 quae
624 1425 709 1487 sunt,
718 1425 774 1475 ant
783 1409 926 1488 fuerunt,
934 1411 999 1472 imo
1009 1431 1083 1494 quoe
1092 1409 1169 1494 fingi
1179 1423 1324 1494 possunt,
1336 1408 1490 1474 melorum

540 1514 878 1600 exemplaproponunt
891 1510 992 1575 oculis
1003 1509 1219 1575 multitudinis
1230 1510 1395 1596 imperitae.
1412 1512 1492 1588 Quae

540 1613 686 1678 incendia
699 1612 769 1676 coeli
785 1611 938 1686 succensi,
954 1623 1011 1674 aut
1027 1610 1122 1674 maris
1137 1609 1313 1686 inundatio,
1329 1625 1385 1676 aut
1400 1624 1493 1676 terrae

539 1715 658 1792 hiatus,
681 1731 787 1780 tantas
808 1712 885 1777 fecit
907 1711 1102 1799 populorum
1126 1725 1260 1797 strages,
1284 1730 1418 1800 quantas
1440 1713 1492 1778 isti

539 1816 663 1882 faciunt
681 1818 832 1879 morum?
856 1813 1006 1877 Comicus
1029 1813 1083 1897 qui
1099 1836 1166 1899 prae
1186 1818 1308 1880 coeteris
1330 1815 1445 1902 placet,
1459 1816 1493 1879 in

541 1915 703 1980 Eunucho
725 1915 821 1979 refert
846 1912 1055 1978 adolescentis
1073 1912 1235 1978 libidinem
1256 1914 1493 1991 inflammatam,
1527 1909 1529 1913 ’

541 2040 642 2105 quum
659 2017 802 2082 tabulam
815 2017 932 2102 pictam
949 2014 1071 2080 videret
1086 2017 1386 2104 continentem‚quo
1400 2035 1495 2104 pacto

542 2123 643 2198 Deus,
658 2120 715 2206 qui
727 2116 799 2184 coeli
816 2116 933 2205 templa
945 2116 1050 2181 sonitu
1060 2117 1216 2194 concutit,
1231 2141 1288 2204 per
1299 2119 1492 2206 impluvium

540 2244 621 2286 auro
635 2223 740 2297 misso,
754 2220 908 2285 inclusam
920 2229 1020 2295 turre,
1036 2233 1068 2283 et
1084 2233 1205 2306 septam
1218 2220 1416 2303 custodibus,
1427 2243 1495 2285 cor·

541 2325 665 2410 ruperit
687 2328 830 2389 Danaen.
876 2323 1001 2388 Similes
1023 2323 1055 2386 in
1079 2321 1211 2407 singulis
1233 2324 1375 2409 picturas
1397 2322 1495 2401 videt,

540 2426 689 2500 miratur,
718 2438 750 2489 et
779 2421 889 2489 laudat
919 2421 1105 2488 multitudo.
1150 2423 1233 2486 Nam
1264 2446 1338 2509 quoe
1366 2422 1494 2487 virtutis

540 2527 745 2591 incitamenta
759 2540 846 2604 sunt,
862 2548 953 2590 rarus
969 2537 1130 2611 spectator
1146 2524 1300 2590 adtendit.
1316 2551 1318 2556 ’

611 2635 682 2696 Quae
694 2651 735 2686 res
747 2635 775 2685 in
788 2650 816 2685 se
828 2650 913 2700 neque
925 2631 1070 2695 consilinm,
1082 2649 1168 2699 neque
1180 2632 1285 2684 modurn

609 2719 701 2772 Habet
711 2717 801 2780 ullum,
813 2736 872 2770 earn
883 2716 991 2768 consilio
1002 2734 1094 2784 regere
1104 2734 1156 2768 non
1167 2723 1249 2788 potes.

613 2804 646 2856 ln
657 2821 744 2857 umore
756 2803 813 2856 haec
825 2803 913 2856 omnia
924 2802 1011 2855 insunt
1023 2802 1103 2854 vitia:
1123 2802 1233 2873 injuriae,

613 2890 787 2962 Suspiciones,
797 2888 950 2951 trimetria,
963 2887 1085 2951 induciae,

614 2974 727 3038 Bellum,
739 2992 792 3047 pax
803 2991 911 3027 rursum.
948 2973 1053 3026 Incerta
1062 2973 1119 3027 haec
1131 2975 1153 3027 si
1165 2981 1193 3028 tu
1205 2974 1320 3046 postidea

613 3062 727 3115 Ratione
739 3069 807 3114 certa
818 3059 913 3124 facere,
924 3059 1005 3112 nihilo
1017 3059 1076 3131 plus
1087 3077 1161 3129 agas,

610 3149 697 3212 Quern
705 3148 730 3200 si
742 3147 789 3200 des
801 3163 914 3219 operam,
926 3153 955 3199 nt
963 3163 1021 3200 cnm
1032 3148 1131 3200 ratione
1143 3149 1265 3201 insanias.

613 3233 649 3285 Et
660 3232 729 3301 quod
739 3249 807 3284 nunc
818 3237 875 3283 tute
887 3237 972 3284 tecum
983 3233 1065 3284 iratus
1076 3233 1185 3302 cogites,

613 3317 705 3385 Egone
714 3315 803 3369 illam?
822 3316 890 3377 Qum
901 3314 991 3368 illum?
1011 3317 1077 3379 Quae
1088 3317 1151 3368 me?
1171 3334 1228 3384 quse
1240 3319 1308 3369 non?
1329 3320 1391 3372 Sine
1402 3322 1476 3373 modo

615 3403 685 3455 Mori
697 3419 739 3453 me
750 3399 849 3464 malim,
860 3401 956 3452 sentiet
967 3401 1011 3470 qni
1021 3402 1061 3452 vir
1071 3402 1144 3453 siem.

614 3488 682 3542 llaec
694 3486 773 3540 rerba
784 3504 836 3538 nna
847 3485 976 3539 mehercle
986 3484 1054 3538 salsa
1065 3486 1232 3556 lachrymula‚

612 3564 700 3636 Quam
711 3570 799 3626 oculm
810 3571 916 3625 terendo
927 3573 1020 3625 misere
1031 3573 1076 3625 rix
1088 3573 1114 3625 ri
1125 3576 1289 3644 expresserit,

614 3659 789 3727 Restinguet:
809 3663 836 3711 et
845 3663 872 3710 te
882 3657 950 3711 ultro
962 3658 1104 3722 accumbis,
1116 3676 1144 3712 et
1155 3660 1229 3714 dabis
1242 3662 1266 3714 ei

613 3745 690 3798 Ultro
701 3743 861 3816 supplicium.

524 3828 530 3853 ⁸
543 3840 598 3904 Ad
608 3839 830 3927 depellendum
844 3841 1043 3904 meretricum
1054 3839 1262 3907 contumelias
1274 3844 1353 3907 ratio
1363 3844 1493 3910 evidens

540 3954 600 4017 est,
612 3963 708 4026 quam
719 3938 974 4005 servusinducit:
991 3941 1048 4006 sed
1061 3943 1215 4028 quicquid
1231 3945 1264 4007 in
1276 3944 1357 4008 hanc
1369 3961 1491 4031 partem

542 4047 731 4129 loquuntur,
762 4041 807 4104 ita
836 4041 1003 4126 accipitur,
1034 4065 1070 4105 ac
1100 4044 1126 4107 si
1149 4044 1292 4108 insanum
1319 4061 1490 4109 amatorem

541 4159 665 4209 revocet
688 4163 809 4209 servus.
855 4144 921 4207 Eos
943 4157 1048 4207 tamen
1072 4143 1146 4208 alibi
1169 4144 1369 4209 commendat
1396 4146 1493 4230 pluri-

543 4267 629 4308 mum
646 4244 728 4308 idem
742 4245 865 4321 Cicero,
881 4242 1008 4309 dicens:
1034 4247 1149 4310 Poetae
1163 4258 1194 4309 et
1207 4246 1309 4308 varios
1324 4246 1492 4332 scriptores

543 4346 672 4421 artium,
688 4357 744 4409 aut
765 4367 871 4430 regem
894 4360 1069 4430 gestarum,
1091 4346 1177 4410 solus
1192 4345 1244 4408 ille
1259 4349 1492 4415 contemtibiles

544 4445 632 4522 iacit,
660 4447 718 4530 qui
748 4465 810 4508 non
833 4458 960 4510 veretur
981 4448 1149 4525 contemni.
1197 4445 1278 4511 Nam
1309 4463 1341 4513 et
1363 4450 1492 4519 virtutis

587 4565 718 4610 von.1v.
1016 4568 1028 4610 1
