4084 5634
537 821 607 866 car.
624 802 733 882 xxm]
879 820 1133 867 ronrcuarrcus.
1444 813 1483 869 77

539 1011 619 1098 Cap.
633 1018 688 1078 29.
713 1012 805 1089 Quod
814 1037 877 1098 pro
890 1017 1005 1078 merito
1024 1017 1364 1097 principicformntur
1385 1037 1488 1099 popu·

581 1117 640 1195 luc,
664 1126 695 1179 et
720 1137 763 1179 ec
787 1121 902 1180 merito
925 1118 1054 1197 populi,
1070 1117 1244 1196 formatur
1265 1119 1489 1201 principatus,

582 1218 712 1302 Deoque
730 1218 862 1300 placido
884 1226 1038 1281 creatura
1061 1217 1211 1300 quelibet
1232 1221 1438 1297 mansuescit,
1456 1227 1489 1282 et

580 1323 681 1383 servit
696 1321 832 1382 homini.

582 1455 659 1518 Huc
682 1454 837 1537 Apuleius
858 1456 1020 1536 eleganter
1042 1454 1173 1538 quidem
1196 1467 1229 1517 et
1250 1454 1434 1539 splendide:
1459 1465 1491 1519 et

538 1555 661 1620 utinam
675 1557 834 1622 audiatur.
871 1558 907 1622 Si
922 1557 1008 1620 enim
1025 1557 1059 1618 in
1075 1557 1124 1619 sui
1138 1556 1239 1639 ipsius
1253 1557 1342 1618 cultu
1357 1557 1491 1641 quisque

539 1658 671 1733 laboret,
695 1668 728 1723 et
749 1679 822 1741 quae
845 1659 1005 1723 exteriore
1027 1668 1113 1736 suut,
1127 1668 1253 1741 reputet
1275 1657 1396 1721 aliena:
1419 1678 1492 1741 pro·

539 1759 624 1822 fecto
653 1760 792 1842 optimus
820 1761 881 1823 erit
912 1770 1012 1823 status
1046 1759 1242 1841 singulorum
1272 1768 1305 1821 et
1337 1758 1489 1837 omnium,

541 1861 725 1944 vigebitque
748 1863 856 1938 virtus,
871 1874 902 1925 et
920 1862 999 1925 ratio
1022 1860 1217 1945 praevalebiu
1232 1871 1383 1943 regnante
1398 1859 1491 1923 undi-

543 1982 605 2045 que
627 1973 737 2026 mutua
758 1963 897 2041 caritate,
920 1976 955 2027 ut
979 1963 1021 2027 sit
1042 1983 1116 2026 caro
1136 1961 1282 2047 subjecta
1302 1961 1438 2046 spiritui,
1461 1973 1494 2025 et

543 2060 673 2147 spiritus
687 2064 783 2146 plena
797 2063 965 2129 devotione
982 2064 1126 2128 Domino
1148 2064 1325 2127 famuletur.
1370 2063 1493 2135 Quasi

543 2165 768 2248 processerint,
788 2187 849 2229 nec
872 2176 997 2230 tumore
1021 2164 1137 2249 capitia
1159 2164 1375 2229 onerabuntur
1395 2185 1493 2227 mem-

541 2265 610 2345 bra,
620 2287 679 2330 nec
692 2264 897 2331 destitutione
914 2269 1139 2339 membrorum,
1155 2276 1211 2329 aut
1224 2265 1351 2348 ignavia
1365 2267 1494 2348 leugue-

543 2366 591 2430 bit
607 2379 713 2451 caput.
758 2369 826 2432 Ista
848 2369 1004 2454 siquidem
1029 2389 1047 2431 a
1069 2368 1194 2450 peccati
1217 2366 1400 2431 infirmitate
1423 2389 1494 2451 pro·

544 2469 687 2531 veniunt.
731 2469 816 2533 Nam
840 2483 872 2532 et
889 2471 1073 2533 inferiorum
1095 2467 1223 2546 delicta,
1237 2468 1357 2531 bonum
1377 2468 1496 2553 princi·

545 2590 619 2654 pem
635 2569 847 2646 demerentur,
861 2582 894 2633 et
907 2582 1042 2654 peccata
1057 2569 1255 2653 superiorum
1271 2569 1408 2632 subditis
1423 2579 1498 2631 sunt

547 2670 675 2734 occasio
686 2682 719 2733 et
729 2671 901 2735 auctoritas
913 2669 1132 2754 delinquendi.
1164 2667 1261 2731 Unde
1272 2667 1368 2732 illud:
1393 2670 1498 2733 Omne

547 2783 645 2853 caput
673 2770 872 2853 languidum,
902 2782 933 2835 et
962 2792 1057 2834 omne
1086 2791 1142 2835 cor
1171 2790 1320 2847 moerens,
1344 2792 1364 2834 a
1388 2771 1500 2854 planta

547 2870 638 2954 podia
652 2890 754 2953 usquo
771 2870 814 2935 ad
829 2870 977 2934 verticem
993 2869 1109 2954 capitia
1123 2889 1186 2933 uon
1203 2870 1300 2933 estin
1315 2891 1353 2933 eo
1368 2870 1500 2949 sanitae,

546 2973 747 3036 Mansuescit
766 2973 875 3056 itaque
896 2972 1049 3056 princepe
1070 2972 1111 3035 ab
1131 2971 1314 3036 innocentia
1327 2972 1452 3056 populi,
1466 2983 1500 3036 et

547 3074 715 3157 populares
752 3084 857 3137 motus
893 3074 1038 3159 reprimit
1075 3074 1260 3139 innocentia
1296 3075 1497 3158 principalis.

547 3174 681 3240 Placido
702 3196 840 3258 namque
866 3177 950 3254 Deo,
972 3176 1078 3238 omnis
1102 3184 1245 3240 creatura
1267 3174 1354 3239 mitis
1383 3185 1443 3252 est,
1468 3186 1502 3239 et

548 3275 645 3337 servit
657 3274 791 3351 homini,
805 3284 837 3338 et
853 3297 891 3338 eo
905 3275 1107 3357 indignante,
1121 3277 1225 3338 omnin
1239 3289 1384 3337 creatura
1399 3295 1499 3338 arma-

550 3375 649 3437 turin
665 3374 819 3437 ultionem
835 3375 914 3460 ejus.
959 3376 1082 3440 Corvus
1105 3375 1234 3438 Heliam
1257 3376 1352 3457 pavit.
1399 3376 1500 3440 Ursus

549 3477 734 3540 famulatum
758 3474 916 3561 impendit
937 3476 1112 3560 propheta.
1161 3476 1206 3540 Ut
1227 3485 1340 3561 parcat
1361 3477 1499 3555 Danieli,

549 3579 744 3643 ferocitatem
765 3591 886 3643 naturae
909 3578 1046 3643 dediscit
1068 3579 1131 3655 leo,
1151 3587 1184 3640 et
1205 3578 1372 3641 collectam
1395 3580 1499 3643 nescit

549 3683 695 3744 esuriem.
742 3681 840 3746 Unda
869 3683 964 3745 siccis
993 3681 1151 3765 justorum
1181 3680 1323 3744 calcatur
1350 3680 1501 3763 pedibus,

549 3781 709 3846 Adversus
724 3803 841 3864 pueros
855 3803 1029 3846 succensus
1045 3781 1128 3863 ignis
1141 3781 1175 3843 iu
1191 3782 1318 3845 fornace
1337 3801 1404 3844 non
1427 3803 1500 3866 pro-

549 3879 624 3947 licit.
671 3883 721 3945 Ad
745 3896 851 3947 votum
874 3882 961 3960 fidei,
981 3904 1035 3945 aer
1057 3883 1184 3960 imbres,
1203 3890 1236 3945 et
1256 3893 1338 3946 terre
1363 3883 1499 3948 fructum

550 3998 653 4068 negat,
668 3996 700 4049 et
715 3986 832 4050 coelum
848 3985 953 4069 ipsum
969 3985 1004 4047 in
1018 3984 1136 4066 impios
1151 3984 1270 4047 evomit
1286 3985 1378 4064 ignes
1393 4006 1478 4049 auos.

596 4207 676 4289 Cap.
693 4209 745 4268 30.
770 4203 882 4268 Βνευὶε
895 4205 1038 4284 epilogus
1051 4202 1204 4265 udoeremr
1221 4200 1452 4264 Gnathonicos.

598 4341 776 4402 Cunarum
792 4339 867 4402 dum
883 4339 943 4401 ista
958 4338 1190 4420 prosequimur,
1204 4332 1299 4394 uobis
1314 4331 1502 4399 insidiantur

556 4441 762 4517 Gnathonici,
793 4454 827 4504 ut
863 4439 896 4501 in
933 4437 1089 4501 invidiam
1123 4434 1273 4511 felicium,
1303 4453 1502 4521 quaecunque
