<?xml version="1.0" encoding="UTF-8"?>
<!DOCTYPE html PUBLIC "-//W3C//DTD XHTML 1.0 Transitional//EN"
    "http://www.w3.org/TR/xhtml1/DTD/xhtml1-transitional.dtd">
<html xmlns="http://www.w3.org/1999/xhtml" xml:lang="en" lang="en">
 <head>
  <title>
</title>
<meta http-equiv="Content-Type" content="text/html;charset=utf-8" />
  <meta name='ocr-system' content='tesseract 3.04.00' />
  <meta name='ocr-capabilities' content='ocr_page ocr_carea ocr_par ocr_line ocrx_word'/>
</head>
<body>
  <div class='ocr_page' id='page_1' title='image "./joannissaresber07johngoog_0041.png"; bbox 0 0 4084 5634; ppageno 0'>
   <div class='ocr_carea' id='block_1_1' title="bbox 482 801 1432 881">
    <p class='ocr_par' dir='ltr' id='par_1_1' title="bbox 482 801 1432 881">
     <span class='ocr_line' id='line_1_1' title="bbox 482 801 1432 881; baseline 0 -20"><span class='ocrx_word' id='word_1_1' title='bbox 482 816 553 864; x_wconf 77' lang='lat' dir='ltr'><strong>cnr.</strong></span> <span class='ocrx_word' id='word_1_2' title='bbox 569 801 661 881; x_wconf 77' lang='lat' dir='ltr'><strong>xnu]</strong></span> <span class='ocrx_word' id='word_1_3' title='bbox 833 817 1086 864; x_wconf 79' lang='lat' dir='ltr'><strong>ronrcnarrcns.</strong></span> <span class='ocrx_word' id='word_1_4' title='bbox 1391 805 1432 862; x_wconf 80' lang='grc'><strong>33</strong></span> 
     </span>
    </p>
   </div>
   <div class='ocr_carea' id='block_1_2' title="bbox 458 970 1428 4371">
    <p class='ocr_par' dir='ltr' id='par_1_2' title="bbox 458 970 1428 4371">
     <span class='ocr_line' id='line_1_2' title="bbox 478 970 1428 1056; baseline -0.001 -22"><span class='ocrx_word' id='word_1_5' title='bbox 478 992 519 1034; x_wconf 92' lang='lat' dir='ltr'><strong>ne</strong></span> <span class='ocrx_word' id='word_1_6' title='bbox 534 972 624 1054; x_wconf 88' lang='lat' dir='ltr'><strong>signa</strong></span> <span class='ocrx_word' id='word_1_7' title='bbox 638 971 708 1056; x_wconf 85' lang='lat' dir='ltr'><strong>ojus</strong></span> <span class='ocrx_word' id='word_1_8' title='bbox 722 971 933 1046; x_wconf 74' lang='lat' dir='ltr'><strong>submitteret,</strong></span> <span class='ocrx_word' id='word_1_9' title='bbox 947 990 1127 1052; x_wconf 86' lang='lat' dir='ltr'><strong>nomenque</strong></span> <span class='ocrx_word' id='word_1_10' title='bbox 1143 970 1293 1032; x_wconf 89' lang='lat' dir='ltr'><strong>aboleret.</strong></span> <span class='ocrx_word' id='word_1_11' title='bbox 1339 971 1428 1033; x_wconf 87' lang='lat' dir='ltr'><strong>Mili-</strong></span> 
     </span>
     <span class='ocr_line' id='line_1_3' title="bbox 475 1070 1428 1155; baseline 0.001 -21"><span class='ocrx_word' id='word_1_12' title='bbox 475 1082 523 1134; x_wconf 87' lang='lat' dir='ltr'><strong>tes</strong></span> <span class='ocrx_word' id='word_1_13' title='bbox 546 1082 652 1136; x_wconf 84' lang='lat' dir='ltr'><strong>autem</strong></span> <span class='ocrx_word' id='word_1_14' title='bbox 674 1072 707 1133; x_wconf 93' lang='lat' dir='ltr'><strong>in</strong></span> <span class='ocrx_word' id='word_1_15' title='bbox 733 1073 991 1155; x_wconf 88' lang='lat' dir='ltr'><strong>supplementum</strong></span> <span class='ocrx_word' id='word_1_16' title='bbox 1015 1071 1148 1134; x_wconf 87' lang='lat' dir='ltr'><strong>aliarum</strong></span> <span class='ocrx_word' id='word_1_17' title='bbox 1170 1071 1335 1150; x_wconf 90' lang='lat' dir='ltr'><strong>legionum</strong></span> <span class='ocrx_word' id='word_1_18' title='bbox 1360 1070 1428 1135; x_wconf 88' lang='lat' dir='ltr'><strong>dis·</strong></span> 
     </span>
     <span class='ocr_line' id='line_1_4' title="bbox 474 1170 1426 1253; baseline 0.001 -20"><span class='ocrx_word' id='word_1_19' title='bbox 474 1171 590 1234; x_wconf 82' lang='lat' dir='ltr'><strong>tribuit.</strong></span> <span class='ocrx_word' id='word_1_20' title='bbox 648 1171 722 1234; x_wconf 91' lang='lat' dir='ltr'><strong>Non</strong></span> <span class='ocrx_word' id='word_1_21' title='bbox 753 1172 839 1234; x_wconf 87' lang='lat' dir='ltr'><strong>enim</strong></span> <span class='ocrx_word' id='word_1_22' title='bbox 869 1170 1125 1244; x_wconf 84' lang='lat' dir='ltr'><strong>restituebantur,</strong></span> <span class='ocrx_word' id='word_1_23' title='bbox 1156 1171 1210 1253; x_wconf 89' lang='lat' dir='ltr'><strong>qui</strong></span> <span class='ocrx_word' id='word_1_24' title='bbox 1247 1182 1426 1235; x_wconf 89' lang='lat' dir='ltr'><strong>meruerant</strong></span> 
     </span>
     <span class='ocr_line' id='line_1_5' title="bbox 473 1272 1424 1357; baseline 0.001 -24"><span class='ocrx_word' id='word_1_25' title='bbox 473 1272 589 1354; x_wconf 73' lang='lat' dir='ltr'><strong>privari</strong></span> <span class='ocrx_word' id='word_1_26' title='bbox 611 1272 751 1355; x_wconf 84' lang='lat' dir='ltr'><strong>cingulo,</strong></span> <span class='ocrx_word' id='word_1_27' title='bbox 767 1284 935 1357; x_wconf 90' lang='lat' dir='ltr'><strong>antequam</strong></span> <span class='ocrx_word' id='word_1_28' title='bbox 959 1292 1016 1333; x_wconf 89' lang='lat' dir='ltr'><strong>eos</strong></span> <span class='ocrx_word' id='word_1_29' title='bbox 1038 1291 1105 1354; x_wconf 81' lang='lat' dir='ltr'><strong>pree</strong></span> <span class='ocrx_word' id='word_1_30' title='bbox 1128 1273 1254 1335; x_wconf 66' lang='lat' dir='ltr'><strong>caeteris</strong></span> <span class='ocrx_word' id='word_1_31' title='bbox 1274 1275 1424 1337; x_wconf 80' lang='lat' dir='ltr'><strong>virtutum</strong></span> 
     </span>
     <span class='ocr_line' id='line_1_6' title="bbox 472 1370 1425 1454; baseline 0.001 -20"><span class='ocrx_word' id='word_1_32' title='bbox 472 1372 584 1435; x_wconf 88' lang='lat' dir='ltr'><strong>merita</strong></span> <span class='ocrx_word' id='word_1_33' title='bbox 605 1372 802 1453; x_wconf 82' lang='lat' dir='ltr'><strong>insignirent.</strong></span> <span class='ocrx_word' id='word_1_34' title='bbox 847 1372 982 1448; x_wconf 87' lang='lat' dir='ltr'><strong>Milites,</strong></span> <span class='ocrx_word' id='word_1_35' title='bbox 997 1371 1050 1453; x_wconf 92' lang='lat' dir='ltr'><strong>qui</strong></span> <span class='ocrx_word' id='word_1_36' title='bbox 1068 1392 1111 1433; x_wconf 84' lang='lat' dir='ltr'><strong>ex</strong></span> <span class='ocrx_word' id='word_1_37' title='bbox 1126 1370 1292 1434; x_wconf 83' lang='lat' dir='ltr'><strong>Cannensi</strong></span> <span class='ocrx_word' id='word_1_38' title='bbox 1314 1393 1425 1454; x_wconf 91' lang='lat' dir='ltr'><strong>pugna</strong></span> 
     </span>
     <span class='ocr_line' id='line_1_7' title="bbox 473 1472 1425 1556; baseline -0.001 -21"><span class='ocrx_word' id='word_1_39' title='bbox 473 1472 636 1545; x_wconf 86' lang='lat' dir='ltr'><strong>cedentes,</strong></span> <span class='ocrx_word' id='word_1_40' title='bbox 656 1474 689 1536; x_wconf 89' lang='lat' dir='ltr'><strong>iu</strong></span> <span class='ocrx_word' id='word_1_41' title='bbox 715 1473 857 1536; x_wconf 88' lang='lat' dir='ltr'><strong>Siciliam</strong></span> <span class='ocrx_word' id='word_1_42' title='bbox 881 1475 1005 1535; x_wconf 83' lang='lat' dir='ltr'><strong>lucrant</strong></span> <span class='ocrx_word' id='word_1_43' title='bbox 1028 1473 1170 1552; x_wconf 89' lang='lat' dir='ltr'><strong>relegati,</strong></span> <span class='ocrx_word' id='word_1_44' title='bbox 1189 1475 1425 1556; x_wconf 87' lang='lat' dir='ltr'><strong>postulaverant</strong></span> 
     </span>
     <span class='ocr_line' id='line_1_8' title="bbox 472 1574 1422 1656; baseline 0 -19"><span class='ocrx_word' id='word_1_45' title='bbox 472 1595 492 1637; x_wconf 90' lang='lat' dir='ltr'><strong>a</strong></span> <span class='ocrx_word' id='word_1_46' title='bbox 513 1575 561 1639; x_wconf 86' lang='lat' dir='ltr'><strong>M.</strong></span> <span class='ocrx_word' id='word_1_47' title='bbox 584 1576 740 1638; x_wconf 89' lang='lat' dir='ltr'><strong>Marcello</strong></span> <span class='ocrx_word' id='word_1_48' title='bbox 764 1575 907 1647; x_wconf 91' lang='lat' dir='ltr'><strong>consule,</strong></span> <span class='ocrx_word' id='word_1_49' title='bbox 931 1583 968 1636; x_wconf 90' lang='lat' dir='ltr'><strong>ut</strong></span> <span class='ocrx_word' id='word_1_50' title='bbox 993 1574 1026 1634; x_wconf 94' lang='lat' dir='ltr'><strong>in</strong></span> <span class='ocrx_word' id='word_1_51' title='bbox 1054 1574 1199 1656; x_wconf 85' lang='lat' dir='ltr'><strong>praeliurn</strong></span> <span class='ocrx_word' id='word_1_52' title='bbox 1223 1574 1422 1637; x_wconf 88' lang='lat' dir='ltr'><strong>ducerentur.</strong></span> 
     </span>
     <span class='ocr_line' id='line_1_9' title="bbox 471 1674 1422 1758; baseline 0.003 -21"><span class='ocrx_word' id='word_1_53' title='bbox 471 1676 531 1739; x_wconf 90' lang='lat' dir='ltr'><strong>Ille</strong></span> <span class='ocrx_word' id='word_1_54' title='bbox 554 1675 707 1740; x_wconf 81' lang='lat' dir='ltr'><strong>Senatum</strong></span> <span class='ocrx_word' id='word_1_55' title='bbox 731 1676 902 1753; x_wconf 89' lang='lat' dir='ltr'><strong>consuluit,</strong></span> <span class='ocrx_word' id='word_1_56' title='bbox 926 1674 1127 1758; x_wconf 79' lang='lat' dir='ltr'><strong>senatusque</strong></span> <span class='ocrx_word' id='word_1_57' title='bbox 1149 1676 1274 1756; x_wconf 85' lang='lat' dir='ltr'><strong>negavit</strong></span> <span class='ocrx_word' id='word_1_58' title='bbox 1295 1677 1422 1758; x_wconf 89' lang='lat' dir='ltr'><strong>placere</strong></span> 
     </span>
     <span class='ocr_line' id='line_1_10' title="bbox 470 1775 1419 1860; baseline 0.003 -22"><span class='ocrx_word' id='word_1_59' title='bbox 470 1776 543 1854; x_wconf 82' lang='lat' dir='ltr'><strong>sibi,</strong></span> <span class='ocrx_word' id='word_1_60' title='bbox 566 1778 613 1840; x_wconf 86' lang='lat' dir='ltr'><strong>eis</strong></span> <span class='ocrx_word' id='word_1_61' title='bbox 643 1777 801 1841; x_wconf 86' lang='lat' dir='ltr'><strong>committi</strong></span> <span class='ocrx_word' id='word_1_62' title='bbox 831 1777 985 1859; x_wconf 89' lang='lat' dir='ltr'><strong>rempubl.</strong></span> <span class='ocrx_word' id='word_1_63' title='bbox 1018 1776 1073 1860; x_wconf 91' lang='lat' dir='ltr'><strong>qui</strong></span> <span class='ocrx_word' id='word_1_64' title='bbox 1100 1797 1169 1839; x_wconf 91' lang='lat' dir='ltr'><strong>eam</strong></span> <span class='ocrx_word' id='word_1_65' title='bbox 1196 1775 1419 1841; x_wconf 86' lang='lat' dir='ltr'><strong>deseruissent.</strong></span> 
     </span>
     <span class='ocr_line' id='line_1_11' title="bbox 471 1874 1421 1960; baseline 0.003 -22"><span class='ocrx_word' id='word_1_66' title='bbox 471 1877 628 1940; x_wconf 90' lang='lat' dir='ltr'><strong>Marcello</strong></span> <span class='ocrx_word' id='word_1_67' title='bbox 643 1890 748 1940; x_wconf 91' lang='lat' dir='ltr'><strong>tamen</strong></span> <span class='ocrx_word' id='word_1_68' title='bbox 769 1876 912 1959; x_wconf 88' lang='lat' dir='ltr'><strong>permisit</strong></span> <span class='ocrx_word' id='word_1_69' title='bbox 930 1875 1035 1939; x_wconf 80' lang='lat' dir='ltr'><strong>iacere</strong></span> <span class='ocrx_word' id='word_1_70' title='bbox 1051 1874 1139 1960; x_wconf 91' lang='lat' dir='ltr'><strong>quod</strong></span> <span class='ocrx_word' id='word_1_71' title='bbox 1154 1875 1327 1952; x_wconf 82' lang='lat' dir='ltr'><strong>videretur3</strong></span> <span class='ocrx_word' id='word_1_72' title='bbox 1350 1879 1421 1959; x_wconf 85' lang='lat' dir='ltr'><strong>lege</strong></span> 
     </span>
     <span class='ocr_line' id='line_1_12' title="bbox 471 1977 1421 2061; baseline 0.001 -20"><span class='ocrx_word' id='word_1_73' title='bbox 471 1988 577 2041; x_wconf 87' lang='lat' dir='ltr'><strong>tamen</strong></span> <span class='ocrx_word' id='word_1_74' title='bbox 604 1979 798 2061; x_wconf 74' lang='lat' dir='ltr'><strong>praescripta,</strong></span> <span class='ocrx_word' id='word_1_75' title='bbox 824 2000 864 2040; x_wconf 87' lang='lat' dir='ltr'><strong>ne</strong></span> <span class='ocrx_word' id='word_1_76' title='bbox 891 1977 962 2060; x_wconf 86' lang='lat' dir='ltr'><strong>quis</strong></span> <span class='ocrx_word' id='word_1_77' title='bbox 988 1999 1097 2040; x_wconf 90' lang='lat' dir='ltr'><strong>eorum</strong></span> <span class='ocrx_word' id='word_1_78' title='bbox 1128 1998 1258 2040; x_wconf 85' lang='lat' dir='ltr'><strong>munere</strong></span> <span class='ocrx_word' id='word_1_79' title='bbox 1285 1991 1421 2056; x_wconf 83' lang='lat' dir='ltr'><strong>vacaret,</strong></span> 
     </span>
     <span class='ocr_line' id='line_1_13' title="bbox 471 2079 1422 2163; baseline 0.001 -22"><span class='ocrx_word' id='word_1_80' title='bbox 471 2100 552 2142; x_wconf 86' lang='lat' dir='ltr'><strong>neve</strong></span> <span class='ocrx_word' id='word_1_81' title='bbox 567 2080 736 2143; x_wconf 90' lang='lat' dir='ltr'><strong>donaretur</strong></span> <span class='ocrx_word' id='word_1_82' title='bbox 758 2081 899 2163; x_wconf 74' lang='lat' dir='ltr'><strong>praemio,</strong></span> <span class='ocrx_word' id='word_1_83' title='bbox 914 2092 970 2142; x_wconf 87' lang='lat' dir='ltr'><strong>aut</strong></span> <span class='ocrx_word' id='word_1_84' title='bbox 990 2079 1121 2149; x_wconf 90' lang='lat' dir='ltr'><strong>honore,</strong></span> <span class='ocrx_word' id='word_1_85' title='bbox 1137 2090 1192 2142; x_wconf 88' lang='lat' dir='ltr'><strong>aut</strong></span> <span class='ocrx_word' id='word_1_86' title='bbox 1213 2090 1422 2162; x_wconf 84' lang='lat' dir='ltr'><strong>reportaretur</strong></span> 
     </span>
     <span class='ocr_line' id='line_1_14' title="bbox 470 2179 1420 2255; baseline 0.004 -14"><span class='ocrx_word' id='word_1_87' title='bbox 470 2179 504 2242; x_wconf 92' lang='lat' dir='ltr'><strong>in</strong></span> <span class='ocrx_word' id='word_1_88' title='bbox 532 2179 671 2255; x_wconf 90' lang='lat' dir='ltr'><strong>Italiam,</strong></span> <span class='ocrx_word' id='word_1_89' title='bbox 697 2181 772 2244; x_wconf 92' lang='lat' dir='ltr'><strong>dum</strong></span> <span class='ocrx_word' id='word_1_90' title='bbox 800 2180 893 2244; x_wconf 88' lang='lat' dir='ltr'><strong>Poeni</strong></span> <span class='ocrx_word' id='word_1_91' title='bbox 919 2180 954 2243; x_wconf 91' lang='lat' dir='ltr'><strong>in</strong></span> <span class='ocrx_word' id='word_1_92' title='bbox 980 2202 1019 2243; x_wconf 86' lang='lat' dir='ltr'><strong>ea</strong></span> <span class='ocrx_word' id='word_1_93' title='bbox 1046 2180 1189 2243; x_wconf 84' lang='lat' dir='ltr'><strong>fuissent.</strong></span> <span class='ocrx_word' id='word_1_94' title='bbox 1233 2181 1321 2249; x_wconf 89' lang='lat' dir='ltr'><strong>Dum</strong></span> <span class='ocrx_word' id='word_1_95' title='bbox 1344 2203 1420 2245; x_wconf 85' lang='lat' dir='ltr'><strong>vcro</strong></span> 
     </span>
     <span class='ocr_line' id='line_1_15' title="bbox 471 2281 1419 2365; baseline 0.003 -21"><span class='ocrx_word' id='word_1_96' title='bbox 471 2281 600 2363; x_wconf 91' lang='lat' dir='ltr'><strong>cingulo</strong></span> <span class='ocrx_word' id='word_1_97' title='bbox 626 2283 755 2365; x_wconf 89' lang='lat' dir='ltr'><strong>spoliati</strong></span> <span class='ocrx_word' id='word_1_98' title='bbox 785 2294 870 2359; x_wconf 87' lang='lat' dir='ltr'><strong>sunt,</strong></span> <span class='ocrx_word' id='word_1_99' title='bbox 895 2282 941 2345; x_wconf 91' lang='lat' dir='ltr'><strong>eis</strong></span> <span class='ocrx_word' id='word_1_100' title='bbox 968 2302 1028 2344; x_wconf 90' lang='lat' dir='ltr'><strong>nec</strong></span> <span class='ocrx_word' id='word_1_101' title='bbox 1056 2303 1118 2344; x_wconf 89' lang='lat' dir='ltr'><strong>aera</strong></span> <span class='ocrx_word' id='word_1_102' title='bbox 1144 2281 1333 2363; x_wconf 89' lang='lat' dir='ltr'><strong>procedunt,</strong></span> <span class='ocrx_word' id='word_1_103' title='bbox 1358 2304 1419 2347; x_wconf 89' lang='lat' dir='ltr'><strong>nec</strong></span> 
     </span>
     <span class='ocr_line' id='line_1_16' title="bbox 469 2381 1419 2466; baseline 0.001 -22"><span class='ocrx_word' id='word_1_104' title='bbox 469 2382 657 2446; x_wconf 91' lang='lat' dir='ltr'><strong>militaribus</strong></span> <span class='ocrx_word' id='word_1_105' title='bbox 681 2382 858 2465; x_wconf 80' lang='lat' dir='ltr'><strong>privilegiis</strong></span> <span class='ocrx_word' id='word_1_106' title='bbox 885 2381 1037 2460; x_wconf 80' lang='lat' dir='ltr'><strong>gaudent,</strong></span> <span class='ocrx_word' id='word_1_107' title='bbox 1058 2403 1120 2444; x_wconf 88' lang='lat' dir='ltr'><strong>nec</strong></span> <span class='ocrx_word' id='word_1_108' title='bbox 1144 2381 1266 2444; x_wconf 88' lang='lat' dir='ltr'><strong>babent</strong></span> <span class='ocrx_word' id='word_1_109' title='bbox 1287 2381 1419 2466; x_wconf 78' lang='lat' dir='ltr'><strong>aliquod</strong></span> 
     </span>
     <span class='ocr_line' id='line_1_17' title="bbox 469 2480 1421 2565; baseline 0.001 -21"><span class='ocrx_word' id='word_1_110' title='bbox 469 2503 540 2545; x_wconf 90' lang='lat' dir='ltr'><strong>cum</strong></span> <span class='ocrx_word' id='word_1_111' title='bbox 568 2481 677 2563; x_wconf 90' lang='lat' dir='ltr'><strong>gladio</strong></span> <span class='ocrx_word' id='word_1_112' title='bbox 704 2484 807 2544; x_wconf 88' lang='lat' dir='ltr'><strong>telove</strong></span> <span class='ocrx_word' id='word_1_113' title='bbox 834 2481 1072 2545; x_wconf 90' lang='lat' dir='ltr'><strong>commercium.</strong></span> <span class='ocrx_word' id='word_1_114' title='bbox 1119 2480 1262 2565; x_wconf 86' lang='lat' dir='ltr'><strong>Ideoque</strong></span> <span class='ocrx_word' id='word_1_115' title='bbox 1287 2482 1421 2564; x_wconf 87' lang='lat' dir='ltr'><strong>provida</strong></span> 
     </span>
     <span class='ocr_line' id='line_1_18' title="bbox 469 2582 1421 2665; baseline -0.002 -19"><span class='ocrx_word' id='word_1_116' title='bbox 469 2584 696 2647; x_wconf 86' lang='lat' dir='ltr'><strong>constitutione</strong></span> <span class='ocrx_word' id='word_1_117' title='bbox 721 2583 877 2665; x_wconf 89' lang='lat' dir='ltr'><strong>majorum</strong></span> <span class='ocrx_word' id='word_1_118' title='bbox 899 2596 949 2646; x_wconf 86' lang='lat' dir='ltr'><strong>est</strong></span> <span class='ocrx_word' id='word_1_119' title='bbox 970 2582 1098 2663; x_wconf 81' lang='lat' dir='ltr'><strong>gladius</strong></span> <span class='ocrx_word' id='word_1_120' title='bbox 1119 2583 1258 2644; x_wconf 83' lang='lat' dir='ltr'><strong>insertus</strong></span> <span class='ocrx_word' id='word_1_121' title='bbox 1280 2582 1421 2663; x_wconf 88' lang='lat' dir='ltr'><strong>cingulo,</strong></span> 
     </span>
     <span class='ocr_line' id='line_1_19' title="bbox 468 2682 1419 2764; baseline 0.001 -20"><span class='ocrx_word' id='word_1_122' title='bbox 468 2692 504 2744; x_wconf 88' lang='lat' dir='ltr'><strong>ut</strong></span> <span class='ocrx_word' id='word_1_123' title='bbox 533 2684 650 2745; x_wconf 89' lang='lat' dir='ltr'><strong>collato</strong></span> <span class='ocrx_word' id='word_1_124' title='bbox 679 2683 799 2745; x_wconf 88' lang='lat' dir='ltr'><strong>honore</strong></span> <span class='ocrx_word' id='word_1_125' title='bbox 830 2683 962 2763; x_wconf 80' lang='lat' dir='ltr'><strong>cinguli,</strong></span> <span class='ocrx_word' id='word_1_126' title='bbox 987 2695 1130 2764; x_wconf 89' lang='lat' dir='ltr'><strong>potestas</strong></span> <span class='ocrx_word' id='word_1_127' title='bbox 1160 2702 1288 2763; x_wconf 89' lang='lat' dir='ltr'><strong>quoque</strong></span> <span class='ocrx_word' id='word_1_128' title='bbox 1317 2682 1419 2764; x_wconf 87' lang='lat' dir='ltr'><strong>ipsius</strong></span> 
     </span>
     <span class='ocr_line' id='line_1_20' title="bbox 468 2781 1419 2864; baseline 0.004 -21"><span class='ocrx_word' id='word_1_129' title='bbox 468 2781 567 2864; x_wconf 84' lang='lat' dir='ltr'><strong>gladii</strong></span> <span class='ocrx_word' id='word_1_130' title='bbox 603 2782 803 2863; x_wconf 87' lang='lat' dir='ltr'><strong>aliquatenus</strong></span> <span class='ocrx_word' id='word_1_131' title='bbox 835 2783 1033 2862; x_wconf 86' lang='lat' dir='ltr'><strong>intelligatur</strong></span> <span class='ocrx_word' id='word_1_132' title='bbox 1068 2782 1193 2844; x_wconf 87' lang='lat' dir='ltr'><strong>collata.</strong></span> <span class='ocrx_word' id='word_1_133' title='bbox 1255 2782 1299 2844; x_wconf 87' lang='lat' dir='ltr'><strong>Et</strong></span> <span class='ocrx_word' id='word_1_134' title='bbox 1333 2797 1419 2847; x_wconf 85' lang='lat' dir='ltr'><strong>recte</strong></span> 
     </span>
     <span class='ocr_line' id='line_1_21' title="bbox 465 2880 1418 2967; baseline 0.005 -25"><span class='ocrx_word' id='word_1_135' title='bbox 465 2881 593 2963; x_wconf 91' lang='lat' dir='ltr'><strong>cingulo</strong></span> <span class='ocrx_word' id='word_1_136' title='bbox 609 2880 788 2959; x_wconf 87' lang='lat' dir='ltr'><strong>decoratur,</strong></span> <span class='ocrx_word' id='word_1_137' title='bbox 804 2881 845 2945; x_wconf 92' lang='lat' dir='ltr'><strong>ad</strong></span> <span class='ocrx_word' id='word_1_138' title='bbox 867 2881 1011 2945; x_wconf 91' lang='lat' dir='ltr'><strong>militiam</strong></span> <span class='ocrx_word' id='word_1_139' title='bbox 1030 2881 1175 2966; x_wconf 88' lang='lat' dir='ltr'><strong>quisquis</strong></span> <span class='ocrx_word' id='word_1_140' title='bbox 1191 2881 1326 2959; x_wconf 89' lang='lat' dir='ltr'><strong>accedit,</strong></span> <span class='ocrx_word' id='word_1_141' title='bbox 1342 2884 1418 2967; x_wconf 86' lang='lat' dir='ltr'><strong>quia</strong></span> 
     </span>
     <span class='ocr_line' id='line_1_22' title="bbox 466 2980 1416 3066; baseline 0.003 -22"><span class='ocrx_word' id='word_1_142' title='bbox 466 3003 537 3044; x_wconf 91' lang='lat' dir='ltr'><strong>eum</strong></span> <span class='ocrx_word' id='word_1_143' title='bbox 553 2980 739 3066; x_wconf 85' lang='lat' dir='ltr'><strong>expeditum</strong></span> <span class='ocrx_word' id='word_1_144' title='bbox 759 3002 829 3044; x_wconf 87' lang='lat' dir='ltr'><strong>esse</strong></span> <span class='ocrx_word' id='word_1_145' title='bbox 848 2980 890 3044; x_wconf 91' lang='lat' dir='ltr'><strong>ad</strong></span> <span class='ocrx_word' id='word_1_146' title='bbox 913 2981 1021 3044; x_wconf 91' lang='lat' dir='ltr'><strong>munia</strong></span> <span class='ocrx_word' id='word_1_147' title='bbox 1043 2983 1238 3066; x_wconf 75' lang='lat' dir='ltr'><strong>reipublice,</strong></span> <span class='ocrx_word' id='word_1_148' title='bbox 1253 2984 1351 3048; x_wconf 89' lang='lat' dir='ltr'><strong>officii</strong></span> <span class='ocrx_word' id='word_1_149' title='bbox 1366 2984 1416 3047; x_wconf 85' lang='lat' dir='ltr'><strong>sui</strong></span> 
     </span>
     <span class='ocr_line' id='line_1_23' title="bbox 464 3083 1416 3167; baseline 0.003 -21"><span class='ocrx_word' id='word_1_150' title='bbox 464 3085 638 3149; x_wconf 88' lang='lat' dir='ltr'><strong>necessitas</strong></span> <span class='ocrx_word' id='word_1_151' title='bbox 653 3085 762 3165; x_wconf 83' lang='lat' dir='ltr'><strong>exigit.</strong></span> <span class='ocrx_word' id='word_1_152' title='bbox 795 3083 933 3163; x_wconf 90' lang='lat' dir='ltr'><strong>Accingi</strong></span> <span class='ocrx_word' id='word_1_153' title='bbox 948 3105 1088 3167; x_wconf 89' lang='lat' dir='ltr'><strong>namque</strong></span> <span class='ocrx_word' id='word_1_154' title='bbox 1104 3085 1196 3163; x_wconf 87' lang='lat' dir='ltr'><strong>solet,</strong></span> <span class='ocrx_word' id='word_1_155' title='bbox 1208 3085 1260 3149; x_wconf 92' lang='lat' dir='ltr'><strong>cui</strong></span> <span class='ocrx_word' id='word_1_156' title='bbox 1275 3085 1416 3167; x_wconf 84' lang='lat' dir='ltr'><strong>gerenda</strong></span> 
     </span>
     <span class='ocr_line' id='line_1_24' title="bbox 464 3183 1415 3260; baseline 0.004 -16"><span class='ocrx_word' id='word_1_157' title='bbox 464 3183 649 3257; x_wconf 72' lang='lat' dir='ltr'><strong>imminent,</strong></span> <span class='ocrx_word' id='word_1_158' title='bbox 675 3195 708 3245; x_wconf 89' lang='lat' dir='ltr'><strong>et</strong></span> <span class='ocrx_word' id='word_1_159' title='bbox 741 3184 793 3246; x_wconf 86' lang='lat' dir='ltr'><strong>cui</strong></span> <span class='ocrx_word' id='word_1_160' title='bbox 814 3184 939 3247; x_wconf 85' lang='lat' dir='ltr'><strong>vacatio</strong></span> <span class='ocrx_word' id='word_1_161' title='bbox 962 3183 1066 3260; x_wconf 89' lang='lat' dir='ltr'><strong>datur,</strong></span> <span class='ocrx_word' id='word_1_162' title='bbox 1087 3184 1163 3248; x_wconf 90' lang='lat' dir='ltr'><strong>licet</strong></span> <span class='ocrx_word' id='word_1_163' title='bbox 1184 3207 1254 3248; x_wconf 87' lang='lat' dir='ltr'><strong>esse</strong></span> <span class='ocrx_word' id='word_1_164' title='bbox 1277 3185 1415 3248; x_wconf 89' lang='lat' dir='ltr'><strong>discinc-</strong></span> 
     </span>
     <span class='ocr_line' id='line_1_25' title="bbox 465 3282 1415 3369; baseline 0.004 -24"><span class='ocrx_word' id='word_1_165' title='bbox 465 3296 544 3346; x_wconf 89' lang='lat' dir='ltr'><strong>tum.</strong></span> <span class='ocrx_word' id='word_1_166' title='bbox 590 3282 690 3346; x_wconf 90' lang='lat' dir='ltr'><strong>Unde</strong></span> <span class='ocrx_word' id='word_1_167' title='bbox 711 3282 790 3343; x_wconf 91' lang='lat' dir='ltr'><strong>illud</strong></span> <span class='ocrx_word' id='word_1_168' title='bbox 809 3284 842 3343; x_wconf 90' lang='lat' dir='ltr'><strong>in</strong></span> <span class='ocrx_word' id='word_1_169' title='bbox 860 3283 943 3344; x_wconf 90' lang='lat' dir='ltr'><strong>libro</strong></span> <span class='ocrx_word' id='word_1_170' title='bbox 963 3285 1198 3345; x_wconf 80' lang='lat' dir='ltr'><strong>Romanourm:</strong></span> <span class='ocrx_word' id='word_1_171' title='bbox 1224 3287 1300 3347; x_wconf 94' lang='lat' dir='ltr'><strong>Non</strong></span> <span class='ocrx_word' id='word_1_172' title='bbox 1323 3306 1415 3369; x_wconf 82' lang='lat' dir='ltr'><strong>reque</strong></span> 
     </span>
     <span class='ocr_line' id='line_1_26' title="bbox 464 3380 1413 3464; baseline 0.005 -20"><span class='ocrx_word' id='word_1_173' title='bbox 464 3384 615 3464; x_wconf 88' lang='lat' dir='ltr'><strong>glorietur</strong></span> <span class='ocrx_word' id='word_1_174' title='bbox 640 3382 818 3460; x_wconf 84' lang='lat' dir='ltr'><strong>accinctus,</strong></span> <span class='ocrx_word' id='word_1_175' title='bbox 840 3392 878 3445; x_wconf 90' lang='lat' dir='ltr'><strong>nt</strong></span> <span class='ocrx_word' id='word_1_176' title='bbox 903 3380 1091 3445; x_wconf 88' lang='lat' dir='ltr'><strong>discinctus.</strong></span> <span class='ocrx_word' id='word_1_177' title='bbox 1136 3383 1220 3454; x_wconf 90' lang='lat' dir='ltr'><strong>Quia</strong></span> <span class='ocrx_word' id='word_1_178' title='bbox 1244 3384 1413 3450; x_wconf 90' lang='lat' dir='ltr'><strong>solicitudo</strong></span> 
     </span>
     <span class='ocr_line' id='line_1_27' title="bbox 461 3482 1413 3565; baseline 0.002 -17"><span class='ocrx_word' id='word_1_179' title='bbox 461 3485 582 3548; x_wconf 88' lang='lat' dir='ltr'><strong>laboris</strong></span> <span class='ocrx_word' id='word_1_180' title='bbox 606 3484 814 3559; x_wconf 87' lang='lat' dir='ltr'><strong>imminentis,</strong></span> <span class='ocrx_word' id='word_1_181' title='bbox 838 3482 995 3565; x_wconf 87' lang='lat' dir='ltr'><strong>gloriandi</strong></span> <span class='ocrx_word' id='word_1_182' title='bbox 1019 3484 1182 3547; x_wconf 86' lang='lat' dir='ltr'><strong>licentiam</strong></span> <span class='ocrx_word' id='word_1_183' title='bbox 1208 3507 1272 3550; x_wconf 94' lang='lat' dir='ltr'><strong>non</strong></span> <span class='ocrx_word' id='word_1_184' title='bbox 1299 3487 1413 3551; x_wconf 87' lang='lat' dir='ltr'><strong>admit·</strong></span> 
     </span>
     <span class='ocr_line' id='line_1_28' title="bbox 462 3584 1411 3669; baseline 0.001 -21"><span class='ocrx_word' id='word_1_185' title='bbox 462 3587 510 3661; x_wconf 90' lang='lat' dir='ltr'><strong>tit,</strong></span> <span class='ocrx_word' id='word_1_186' title='bbox 533 3596 566 3650; x_wconf 89' lang='lat' dir='ltr'><strong>et</strong></span> <span class='ocrx_word' id='word_1_187' title='bbox 590 3585 721 3649; x_wconf 89' lang='lat' dir='ltr'><strong>ociaudi</strong></span> <span class='ocrx_word' id='word_1_188' title='bbox 745 3585 876 3648; x_wconf 83' lang='lat' dir='ltr'><strong>libertas</strong></span> <span class='ocrx_word' id='word_1_189' title='bbox 903 3599 936 3648; x_wconf 89' lang='lat' dir='ltr'><strong>et</strong></span> <span class='ocrx_word' id='word_1_190' title='bbox 959 3584 1115 3648; x_wconf 90' lang='lat' dir='ltr'><strong>securitas</strong></span> <span class='ocrx_word' id='word_1_191' title='bbox 1134 3585 1249 3669; x_wconf 89' lang='lat' dir='ltr'><strong>quietis</strong></span> <span class='ocrx_word' id='word_1_192' title='bbox 1273 3589 1411 3668; x_wconf 89' lang='lat' dir='ltr'><strong>plerum·</strong></span> 
     </span>
     <span class='ocr_line' id='line_1_29' title="bbox 462 3684 1410 3771; baseline 0.001 -22"><span class='ocrx_word' id='word_1_193' title='bbox 462 3708 523 3771; x_wconf 89' lang='lat' dir='ltr'><strong>qne</strong></span> <span class='ocrx_word' id='word_1_194' title='bbox 548 3684 770 3749; x_wconf 86' lang='lat' dir='ltr'><strong>extollentiam</strong></span> <span class='ocrx_word' id='word_1_195' title='bbox 800 3685 892 3767; x_wconf 87' lang='lat' dir='ltr'><strong>parit.</strong></span> <span class='ocrx_word' id='word_1_196' title='bbox 948 3685 1122 3766; x_wconf 92' lang='lat' dir='ltr'><strong>Cingulum</strong></span> <span class='ocrx_word' id='word_1_197' title='bbox 1152 3706 1226 3765; x_wconf 90' lang='lat' dir='ltr'><strong>ergo</strong></span> <span class='ocrx_word' id='word_1_198' title='bbox 1253 3686 1410 3750; x_wconf 90' lang='lat' dir='ltr'><strong>indicium</strong></span> 
     </span>
     <span class='ocr_line' id='line_1_30' title="bbox 460 3786 1410 3869; baseline 0.001 -19"><span class='ocrx_word' id='word_1_199' title='bbox 460 3799 509 3851; x_wconf 88' lang='lat' dir='ltr'><strong>est</strong></span> <span class='ocrx_word' id='word_1_200' title='bbox 532 3786 663 3861; x_wconf 89' lang='lat' dir='ltr'><strong>laboris,</strong></span> <span class='ocrx_word' id='word_1_201' title='bbox 689 3788 780 3850; x_wconf 87' lang='lat' dir='ltr'><strong>labor</strong></span> <span class='ocrx_word' id='word_1_202' title='bbox 805 3786 937 3851; x_wconf 88' lang='lat' dir='ltr'><strong>bonoris</strong></span> <span class='ocrx_word' id='word_1_203' title='bbox 962 3786 1119 3859; x_wconf 90' lang='lat' dir='ltr'><strong>meritum,</strong></span> <span class='ocrx_word' id='word_1_204' title='bbox 1145 3798 1179 3849; x_wconf 92' lang='lat' dir='ltr'><strong>ut</strong></span> <span class='ocrx_word' id='word_1_205' title='bbox 1199 3787 1321 3869; x_wconf 90' lang='lat' dir='ltr'><strong>liqueat</strong></span> <span class='ocrx_word' id='word_1_206' title='bbox 1343 3809 1410 3851; x_wconf 92' lang='lat' dir='ltr'><strong>om·</strong></span> 
     </span>
     <span class='ocr_line' id='line_1_31' title="bbox 459 3885 1407 3972; baseline 0.002 -21"><span class='ocrx_word' id='word_1_207' title='bbox 459 3889 566 3964; x_wconf 89' lang='lat' dir='ltr'><strong>nibus,</strong></span> <span class='ocrx_word' id='word_1_208' title='bbox 595 3885 682 3972; x_wconf 90' lang='lat' dir='ltr'><strong>qnod</strong></span> <span class='ocrx_word' id='word_1_209' title='bbox 712 3886 768 3972; x_wconf 93' lang='lat' dir='ltr'><strong>qui</strong></span> <span class='ocrx_word' id='word_1_210' title='bbox 796 3889 937 3951; x_wconf 89' lang='lat' dir='ltr'><strong>laborem</strong></span> <span class='ocrx_word' id='word_1_211' title='bbox 966 3887 1122 3951; x_wconf 89' lang='lat' dir='ltr'><strong>indictum</strong></span> <span class='ocrx_word' id='word_1_212' title='bbox 1153 3887 1272 3951; x_wconf 84' lang='lat' dir='ltr'><strong>militiae</strong></span> <span class='ocrx_word' id='word_1_213' title='bbox 1301 3889 1407 3953; x_wconf 89' lang='lat' dir='ltr'><strong>subire</strong></span> 
     </span>
     <span class='ocr_line' id='line_1_32' title="bbox 460 3986 1409 4069; baseline 0 -19"><span class='ocrx_word' id='word_1_214' title='bbox 460 3987 626 4061; x_wconf 89' lang='lat' dir='ltr'><strong>detrectat,</strong></span> <span class='ocrx_word' id='word_1_215' title='bbox 645 3987 800 4050; x_wconf 90' lang='lat' dir='ltr'><strong>bonorem</strong></span> <span class='ocrx_word' id='word_1_216' title='bbox 824 3987 924 4069; x_wconf 89' lang='lat' dir='ltr'><strong>gladii</strong></span> <span class='ocrx_word' id='word_1_217' title='bbox 944 3987 977 4049; x_wconf 96' lang='lat' dir='ltr'><strong>in</strong></span> <span class='ocrx_word' id='word_1_218' title='bbox 998 3986 1122 4050; x_wconf 90' lang='lat' dir='ltr'><strong>militari</strong></span> <span class='ocrx_word' id='word_1_219' title='bbox 1144 3987 1273 4069; x_wconf 91' lang='lat' dir='ltr'><strong>cingulo</strong></span> <span class='ocrx_word' id='word_1_220' title='bbox 1293 3988 1409 4050; x_wconf 80' lang='lat' dir='ltr'><strong>frustra</strong></span> 
     </span>
     <span class='ocr_line' id='line_1_33' title="bbox 458 4085 1409 4171; baseline -0.003 -20"><span class='ocrx_word' id='word_1_221' title='bbox 458 4097 573 4171; x_wconf 89' lang='lat' dir='ltr'><strong>portat.</strong></span> <span class='ocrx_word' id='word_1_222' title='bbox 618 4087 726 4171; x_wconf 89' lang='lat' dir='ltr'><strong>Ipsius</strong></span> <span class='ocrx_word' id='word_1_223' title='bbox 745 4108 872 4171; x_wconf 88' lang='lat' dir='ltr'><strong>qnoque</strong></span> <span class='ocrx_word' id='word_1_224' title='bbox 893 4088 1013 4170; x_wconf 90' lang='lat' dir='ltr'><strong>cinguli</strong></span> <span class='ocrx_word' id='word_1_225' title='bbox 1033 4107 1124 4150; x_wconf 90' lang='lat' dir='ltr'><strong>cassa</strong></span> <span class='ocrx_word' id='word_1_226' title='bbox 1138 4097 1186 4149; x_wconf 91' lang='lat' dir='ltr'><strong>est</strong></span> <span class='ocrx_word' id='word_1_227' title='bbox 1204 4085 1409 4168; x_wconf 89' lang='lat' dir='ltr'><strong>significatio,</strong></span> 
     </span>
     <span class='ocr_line' id='line_1_34' title="bbox 458 4182 1408 4272; baseline -0.001 -21"><span class='ocrx_word' id='word_1_228' title='bbox 458 4190 519 4252; x_wconf 91' lang='lat' dir='ltr'><strong>nisi</strong></span> <span class='ocrx_word' id='word_1_229' title='bbox 550 4189 648 4252; x_wconf 90' lang='lat' dir='ltr'><strong>fidem</strong></span> <span class='ocrx_word' id='word_1_230' title='bbox 677 4188 747 4272; x_wconf 84' lang='lat' dir='ltr'><strong>ejus</strong></span> <span class='ocrx_word' id='word_1_231' title='bbox 775 4190 902 4251; x_wconf 90' lang='lat' dir='ltr'><strong>roboret</strong></span> <span class='ocrx_word' id='word_1_232' title='bbox 930 4200 962 4252; x_wconf 89' lang='lat' dir='ltr'><strong>et</strong></span> <span class='ocrx_word' id='word_1_233' title='bbox 990 4186 1106 4250; x_wconf 87' lang='lat' dir='ltr'><strong>solidet</strong></span> <span class='ocrx_word' id='word_1_234' title='bbox 1136 4186 1236 4249; x_wconf 91' lang='lat' dir='ltr'><strong>labor.</strong></span> <span class='ocrx_word' id='word_1_235' title='bbox 1289 4182 1408 4249; x_wconf 86' lang='lat' dir='ltr'><strong>Videas</strong></span> 
     </span>
     <span class='ocr_line' id='line_1_35' title="bbox 459 4284 1406 4371; baseline 0 -20"><span class='ocrx_word' id='word_1_236' title='bbox 459 4290 575 4352; x_wconf 84' lang='lat' dir='ltr'><strong>multos</strong></span> <span class='ocrx_word' id='word_1_237' title='bbox 600 4290 722 4371; x_wconf 90' lang='lat' dir='ltr'><strong>cinguli</strong></span> <span class='ocrx_word' id='word_1_238' title='bbox 747 4289 869 4352; x_wconf 84' lang='lat' dir='ltr'><strong>bonore</strong></span> <span class='ocrx_word' id='word_1_239' title='bbox 897 4301 1063 4363; x_wconf 83' lang='lat' dir='ltr'><strong>tumentes,</strong></span> <span class='ocrx_word' id='word_1_240' title='bbox 1086 4286 1145 4348; x_wconf 85' lang='lat' dir='ltr'><strong>sed</strong></span> <span class='ocrx_word' id='word_1_241' title='bbox 1166 4285 1228 4346; x_wconf 88' lang='lat' dir='ltr'><strong>nisi</strong></span> <span class='ocrx_word' id='word_1_242' title='bbox 1253 4284 1406 4351; x_wconf 82' lang='lat' dir='ltr'><strong>honorem</strong></span> 
     </span>
    </p>
   </div>
   <div class='ocr_carea' id='block_1_3' title="bbox 457 4386 1407 4555">
    <p class='ocr_par' dir='ltr' id='par_1_3' title="bbox 457 4386 1407 4555">
     <span class='ocr_line' id='line_1_36' title="bbox 457 4386 1407 4474; baseline 0.001 -22"><span class='ocrx_word' id='word_1_243' title='bbox 457 4390 616 4454; x_wconf 80' lang='lat' dir='ltr'><strong>laboriosa</strong></span> <span class='ocrx_word' id='word_1_244' title='bbox 634 4390 791 4474; x_wconf 89' lang='lat' dir='ltr'><strong>impleant</strong></span> <span class='ocrx_word' id='word_1_245' title='bbox 809 4392 932 4466; x_wconf 83' lang='lat' dir='ltr'><strong>merita,</strong></span> <span class='ocrx_word' id='word_1_246' title='bbox 949 4389 1034 4452; x_wconf 89' lang='lat' dir='ltr'><strong>idem</strong></span> <span class='ocrx_word' id='word_1_247' title='bbox 1056 4398 1104 4448; x_wconf 89' lang='lat' dir='ltr'><strong>est</strong></span> <span class='ocrx_word' id='word_1_248' title='bbox 1125 4405 1161 4447; x_wconf 92' lang='lat' dir='ltr'><strong>ac</strong></span> <span class='ocrx_word' id='word_1_249' title='bbox 1182 4386 1209 4448; x_wconf 90' lang='lat' dir='ltr'><strong>si</strong></span> <span class='ocrx_word' id='word_1_250' title='bbox 1229 4407 1287 4470; x_wconf 91' lang='lat' dir='ltr'><strong>pro</strong></span> <span class='ocrx_word' id='word_1_251' title='bbox 1306 4389 1407 4453; x_wconf 84' lang='lat' dir='ltr'><strong>solida</strong></span> 
     </span>
     <span class='ocr_line' id='line_1_37' title="bbox 504 4508 952 4555; baseline -0.007 -1"><span class='ocrx_word' id='word_1_252' title='bbox 504 4509 577 4554; x_wconf 82' lang='lat' dir='ltr'><strong>von.</strong></span> <span class='ocrx_word' id='word_1_253' title='bbox 593 4509 637 4555; x_wconf 73' lang='grc' dir='ltr'><strong>ιν.</strong></span> <span class='ocrx_word' id='word_1_254' title='bbox 930 4508 952 4551; x_wconf 92' lang='lat' dir='ltr'><strong>n</strong></span> 
     </span>
    </p>
   </div>
   <div class='ocr_carea' id='block_1_4' title="bbox 0 0 2046 5634">
    <p class='ocr_par' dir='ltr' id='par_1_4' title="bbox 0 0 2046 5634">
     <span class='ocr_line' id='line_1_38' title="bbox 0 0 2046 5634; baseline 0 9"><span class='ocrx_word' id='word_1_255' title='bbox 0 0 2046 5634; x_wconf 95' lang='lat' dir='ltr'><strong> </strong></span> 
     </span>
    </p>
   </div>
  </div>
 </body>
</html>
