4084 5634
537 873 611 920 car.
625 854 733 936 nra]
883 873 1140 922 marmaricus.
1445 865 1487 923 59

538 1028 647 1092 latam.
684 1027 769 1092 Nam
783 1028 846 1092 etsi
859 1030 984 1093 laboret
998 1030 1093 1104 vitiis,
1106 1029 1257 1094 ferendus
1270 1038 1320 1093 est
1335 1035 1488 1113 tanquam

538 1128 573 1191 in
589 1151 651 1214 quo
665 1129 779 1195 salaba
793 1130 937 1215 auspicia
950 1132 1203 1214 provincialibus
1216 1140 1338 1195 extant.

745 1245 1254 1316 Begemwlnmlmensomnibasnrm

641 1332 967 1405 Aminearupceflden.

538 1451 662 1535 Illyrici
690 1462 722 1517 et
751 1453 906 1534 Thraces,
935 1452 1131 1538 quotidiano
1154 1453 1309 1518 exercitio
1337 1453 1489 1531 indurati,

538 1553 642 1635 gloria
658 1554 783 1621 bellicae
802 1555 908 1620 laudis
928 1554 1083 1619 finitimos
1103 1553 1304 1618 Macedones
1318 1556 1489 1634 terrebant,

538 1654 594 1738 qui
608 1654 719 1738 praelio
733 1656 829 1740 pulsi,
840 1676 915 1738 rege
930 1676 989 1720 suo
1003 1654 1090 1735 regis
1105 1652 1249 1718 defuncti
1263 1652 1331 1717 filio
1345 1653 1379 1716 in
1395 1655 1488 1718 cunm

537 1755 671 1838 pmlato,
692 1768 725 1819 et
745 1776 834 1838 pone
860 1754 962 1819 aciem
988 1754 1106 1837 posito,
1130 1753 1234 1818 acrius
1257 1761 1418 1819 certamen
1439 1775 1490 1818 re-

538 1855 672 1938 petiere,
684 1866 840 1937 tanquam
855 1854 930 1919 ideo
945 1856 1021 1920 victi
1037 1855 1183 1930 fuissent,
1195 1854 1283 1940 quod
1297 1855 1493 1920 bellantibus

539 1954 704 2019 defuerant
731 1955 877 2040 auspicia
904 1956 987 2038 regie
1016 1957 1097 2035 sui3
1142 1956 1280 2021 victores
1317 1956 1414 2021 futuri
1443 1958 1493 2021 vel

540 2064 719 2139 propterea,
744 2055 829 2141 quod
855 2076 897 2120 ex
923 2058 1148 2142 superstitione
1174 2059 1224 2122 vel
1253 2056 1320 2122 fide
1349 2057 1491 2122 animum

542 2156 690 2221 vincendi
716 2168 877 2242 ceperant
924 2159 1010 2224 Nam
1036 2171 1069 2225 et
1093 2159 1254 2224 miseratio
1278 2159 1412 2224 infantis
1436 2181 1493 2224 eos

544 2260 683 2339 tenebat,
705 2260 859 2345 quoniam
881 2261 909 2324 si
930 2258 1007 2326 victi
1029 2274 1148 2342 essent,
1169 2262 1331 2347 captivum
1354 2263 1395 2326 de
1418 2283 1494 2346 rege

540 2360 643 2426 facere
665 2361 865 2426 videbantur.
912 2363 1070 2428 conserto
1095 2365 1206 2448 itaque
1230 2365 1354 2448 praelio,
1376 2385 1495 2448 magna

544 2464 632 2529 caede
658 2465 808 2549 illyricos
833 2464 996 2546 foderunt,
1018 2465 1223 2531 ostendentes
1247 2466 1396 2531 hostibus
1419 2467 1496 2545 sais,

540 2565 645 2646 priore
665 2567 752 2631 bello
773 2588 895 2649 regem,
917 2589 981 2631 non
1006 2569 1154 2631 dautem
1181 2567 1418 2632 Macedonibus
1439 2568 1497 2630 de·

541 2665 647 2731 fuisse.
693 2669 813 2740 Quanti
833 2689 909 2750 ergo
926 2690 997 2733 esse
1014 2669 1112 2732 debet
1128 2670 1198 2754 jam
1216 2679 1386 2753 provectus
1402 2677 1495 2732 aetate

542 2778 575 2830 et
590 2767 758 2849 dignitate,
772 2769 800 2832 si
815 2770 896 2832 tanti
916 2770 1073 2833 habeatur
1092 2778 1227 2854 auoque
1247 2766 1493 2853 provehendus?

542 2869 638 2933 Licet
662 2880 768 2934 autem
792 2869 973 2935 duriuscule
996 2871 1146 2936 videatur
1170 2881 1304 2937 tractare
1328 2872 1497 2957 populum,

541 2980 647 3036 tamen
669 2972 843 3037 auctoritas
864 2972 1042 3055 dignitatis,
1059 2984 1093 3038 et
1114 2962 1213 3038 officii
1235 2974 1355 3039 utilitas
1374 2973 1495 3041 debem

541 3073 782 3157 prorincialium
805 3075 930 3139 animos
951 3075 1109 3160 mitigare.
1162 3077 1299 3140 Memini
1320 3098 1372 3140 me
1395 3097 1493 3143 causa

541 3174 688 3238 mutandi
716 3175 882 3239 dominum
908 3175 1086 3241 Adriauum
1117 3176 1309 3241 Pontificem
1335 3186 1494 3262 quartum,

541 3275 598 3358 qni
620 3297 670 3338 me
692 3276 724 3338 in
746 3275 927 3338 ulteriorem
950 3276 1193 3341 familiaritatem
1218 3277 1401 3356 admiserat,
1419 3300 1492 3362 pro-

544 3377 661 3439 fectum
690 3375 724 3438 in
754 3376 915 3459 Apuliam,
944 3377 1113 3460 mansique
1142 3397 1216 3440 cum
1247 3398 1286 3440 eo
1315 3379 1494 3444 Beneventi

546 3477 644 3539 ferme
660 3485 724 3539 tres
739 3496 876 3540 menses.
920 3477 1029 3549 Quum
1043 3476 1164 3562 itaque,
1177 3490 1214 3541 ut
1231 3477 1301 3542 fieri
1315 3479 1397 3544 solet
1410 3480 1496 3545 inter

543 3576 674 3656 amicos,
685 3597 773 3660 saepe
787 3597 882 3660 super
892 3576 1038 3660 plurimis
1053 3577 1277 3656 conferremus,
1288 3580 1401 3664 etipse
1415 3582 1495 3666 quid

545 3676 585 3740 de
604 3699 650 3753 se,
666 3684 699 3741 et
718 3677 856 3741 ecclesia
877 3677 1026 3741 Romana
1044 3677 1199 3741 sentirent
1221 3677 1381 3758 homines,
1402 3701 1423 3744 a
1441 3701 1493 3745 me

543 3774 737 3852 familiarius,
759 3785 792 3838 et
817 3773 1003 3854 diligentius
1031 3784 1198 3858 quaereret,
1223 3796 1283 3857 ego
1307 3777 1396 3861 apud
1420 3799 1493 3842 eum

542 3897 620 3940 usus
648 3876 776 3960 spiritus
804 3876 960 3955 libertate,
985 3877 1079 3954 mala,
1104 3895 1178 3960 quar
1204 3878 1237 3939 in
1265 3876 1397 3943 diversis
1421 3901 1492 3964 pro·

541 3977 655 4041 vinciis
691 3976 863 4055 audieram,
892 3986 1043 4061 patenter
1078 3974 1227 4063 exposui.
1283 3980 1375 4044 Sicut
1409 3983 1494 4045 enim

542 4079 710 4144 dicebatur
738 4101 758 4143 a
785 4080 904 4157 multis,
934 4080 1082 4143 Romana
1119 4081 1265 4160 ecclesia,
1295 4103 1366 4166 quae
1396 4095 1496 4148 mater

542 4181 682 4244 omnium
703 4182 907 4246 ecclesiaram
927 4191 986 4259 est,
1002 4202 1037 4244 se
1052 4203 1117 4246 nou
1133 4194 1199 4246 tam
1215 4191 1348 4247 matrem
1364 4181 1496 4250 exhibet

545 4283 625 4360 aliis,
654 4304 751 4367 quam
780 4304 957 4348 novercam.
1014 4283 1144 4348 Sedent.
1169 4285 1203 4346 iu
1233 4305 1272 4347 ea
1306 4285 1427 4350 Scribe
1461 4300 1495 4353 et

547 4382 712 4461 Pharisaei,
739 4395 898 4469 ponentes
927 4405 1027 4447 onera
1056 4382 1272 4466 importabilia
1296 4384 1329 4446 in
1347 4379 1495 4452 'humeris

544 4483 720 4564 hominum,
735 4508 807 4570 qum
822 4486 924 4568 digito
944 4506 1010 4548 non
1031 4484 1234 4565 contingunt.
1281 4486 1494 4554 Dominautur
