4084 5634
569 839 639 888 car.
657 829 741 908 nnn]
924 844 1177 892 murcnsrrcus.
1481 835 1523 892 tt>

566 993 607 1059 ad
629 999 836 1062 munitionem
857 997 991 1061 ‘I'haidis
1010 996 1271 1079 expugnandam,
1286 998 1403 1061 Veneri
1421 998 1518 1062 dero·

564 1098 642 1162 verit
655 1098 801 1163 militiam
816 1119 919 1177 snam,
933 1099 1038 1162 Marte
1059 1107 1255 1182 contempto.
1301 1099 1419 1164 Sordes
1435 1121 1515 1184 quo·

563 1219 624 1281 que
645 1199 784 1264 vitandae
806 1211 890 1277 sunt,
903 1209 936 1262 et
953 1196 1176 1275 mediocritati,
1190 1219 1262 1281 qnae
1282 1219 1378 1263 aureo
1392 1199 1516 1262 incedit

562 1301 696 1378 tramite,
715 1301 838 1386 jugiter
861 1297 1083 1363 insistendum.
1130 1299 1203 1361 Hoc
1234 1313 1339 1362 antem
1369 1300 1441 1362 volo
1465 1301 1513 1365 ire

560 1421 745 1483 persuasum
768 1402 972 1479 nostratibus,
988 1401 1014 1463 si
1036 1409 1257 1475 exerceantur,
1278 1401 1424 1463 virtutem
1448 1422 1514 1464 non

560 1502 684 1583 deesse,
699 1526 771 1589 quae
785 1516 891 1568 tamen
909 1503 1090 1587 frequenter
1104 1502 1278 1580 intercidit,
1293 1503 1320 1566 si
1335 1524 1401 1566 non
1416 1504 1511 1567 disci·

557 1605 646 1688 plina
675 1605 825 1670 firmatur.
869 1608 979 1668 Artem
1009 1625 1081 1667 vero
1111 1604 1157 1666 rei
1183 1604 1337 1682 militaris,
1362 1605 1511 1669 Laceda-

558 1707 659 1770 mouii
683 1706 851 1772 tradidisse
873 1706 1031 1769 dicuntur.
1076 1704 1175 1770 Unde
1201 1717 1234 1769 et
1256 1705 1421 1770 Hannibal
1445 1707 1508 1770 Ita-

557 1806 634 1872 liam
664 1808 831 1891 petiturus‚
856 1805 1140 1871 Lacedaemonium
1170 1807 1316 1891 quaesivit
1344 1805 1509 1871 ductorem

557 1927 725 1970 armorum.
770 1906 834 1979 Qui
864 1906 1022 1971 desiderat
1044 1928 1169 1991 pacem,
1198 1921 1354 1992 praeparet
1377 1909 1507 1972 bellum.

559 2004 621 2081 Qui
637 2006 799 2070 victoriam
818 2006 919 2090 cupit,
933 2005 1099 2089 diligenter
1120 2008 1242 2072 imbuat
1256 2009 1397 2072 militem.
1443 2008 1507 2081 Qui

557 2106 717 2171 secundos
745 2118 834 2192 optat
862 2118 1003 2185 eventus,
1033 2107 1165 2172 dimicet
1200 2120 1278 2183 arte,
1314 2131 1381 2173 uon
1418 2130 1506 2174 casu.

556 2210 663 2274 Nemo
681 2231 866 2294 provocare,
879 2231 975 2273 nemo
997 2209 1161 2275 offendere
1182 2210 1312 2285 audeat,
1328 2232 1423 2294 quem
1445 2211 1507 2299 scit

554 2312 746 2395 superiorem
768 2313 846 2389 t‘ore,
860 2312 887 2375 si
907 2322 1042 2394 pugnet.
1086 2313 1298 2377 Athenienses
1318 2335 1419 2377 unum
1439 2333 1505 2397 proe

554 2412 677 2476 caeteris
691 2412 859 2477 mandasse
875 2413 1040 2490 militibus,
1054 2404 1152 2496 prisci
1167 2414 1341 2497 loquuntur
1355 2415 1502 2478 annales:

553 2513 649 2577 Miles
675 2511 818 2576 nondum
844 2512 994 2576 emeritus
1019 2513 1175 2576 exercitio
1200 2522 1233 2577 et
1256 2514 1361 2578 labori
1385 2513 1504 2598 jugiter

552 2622 724 2676 assuescat
769 2613 854 2675 Nam
873 2611 942 2675 haec
966 2613 1072 2675 solent
1089 2613 1122 2674 in
1145 2613 1258 2676 eastris
1277 2613 1457 2689 sanitatem,
1472 2623 1505 2675 et

551 2714 586 2776 in
600 2713 753 2777 conflictu
767 2721 915 2795 praestare
929 2711 1103 2774 victoriam.
1151 2709 1253 2774 iidem
1274 2732 1345 2774 eam
1366 2711 1502 2775 tradide-

552 2820 638 2889 runt,
660 2811 737 2894 quia
758 2811 792 2873 in
813 2809 974 2894 peditibus
996 2811 1094 2873 robur
1114 2811 1260 2875 consistit
1280 2813 1449 2890 exercitus,
1471 2822 1503 2875 et

550 2934 721 2997 parumper
749 2924 859 2996 aptum
889 2932 959 2976 esse
984 2912 1119 2991 militiae,
1145 2912 1211 2996 qui,
1237 2913 1301 2976 nisi
1326 2933 1425 2997 eques
1450 2914 1500 2992 sit,

547 3036 689 3099 pugnare
711 3036 776 3079 non
800 3013 899 3078 norit.
944 3016 1159 3079 Veruntamen
1182 3037 1243 3080 nec
1265 3015 1417 3094 exerceri,
1436 3038 1497 3081 nec

546 3116 587 3180 ad
601 3138 742 3200 pugnam
758 3128 888 3180 vocatur
903 3118 1032 3195 utiliter,
1046 3114 1100 3179 cui
1121 3117 1282 3201 stipendia
1300 3138 1364 3180 non
1384 3138 1496 3200 proce·

547 3216 637 3280 dunt.
681 3217 717 3279 Si
739 3217 825 3279 enim
848 3218 1015 3279 subtrahas
1037 3217 1200 3293 alimenta,
1213 3217 1275 3279 tibi
1290 3216 1381 3279 miles
1402 3219 1496 3280 obse·

545 3317 657 3398 quium
687 3314 829 3394 negabit,
858 3325 914 3377 aut
940 3314 1050 3377 fidem.
1095 3315 1208 3378 Fames
1237 3316 1334 3389 enim,
1363 3328 1400 3379 ut
1428 3315 1494 3380 dici

546 3415 637 3495 solet,¹
660 3427 783 3499 pugnat
807 3415 954 3494 interius,
979 3426 1012 3479 ct
1041 3417 1108 3479 sola
1132 3415 1213 3493 haec,
1239 3437 1311 3499 quae
1337 3417 1494 3481 tutissima

543 3519 700 3596 videntur,
729 3529 905 3600 expugnat.
951 3516 1066 3581 Nescit
1100 3515 1195 3600 plebs
1222 3516 1336 3601 jejuna
1371 3519 1491 3583 timere.

543 3620 576 3684 Si
604 3640 677 3683 vero
703 3617 855 3681 alimenta
880 3617 1101 3702 processerint,
1125 3638 1211 3681 nunc
1237 3619 1348 3681 timore
1377 3641 1492 3704 poenae,

541 3743 626 3786 nunc
661 3719 861 3803 praemiorum
890 3741 947 3803 spe
977 3719 1017 3783 ad
1048 3720 1188 3783 officium
1217 3721 1375 3784 incitetur.
1421 3722 1494 3786 Sint

541 3824 661 3907 ubique
689 3822 796 3905 campi
822 3820 981 3898 ductores,
1004 3832 1038 3882 et
1062 3820 1241 3884 militarium
1266 3822 1489 3887 exercitiorum

540 3921 691 4004 magistri,
712 3932 744 3984 et
767 3920 819 3983 his
845 3919 924 4003 ipsis
950 3940 1013 3981 aera
1034 3918 1232 4002 proveniant,
1255 3930 1287 3981 et
1309 3920 1433 3983 videbis
1454 3920 1487 3982 in

539 4023 629 4086 brevi
643 4031 769 4105 gentem
780 4022 814 4083 in
830 4021 863 4084 id
876 4020 1000 4083 virtutis
1011 4041 1082 4083 esse
1097 4019 1271 4098 reductam,
1281 4042 1345 4104 quo
1361 4023 1489 4102 vigebat

538 4123 666 4208 quando
682 4122 841 4188 maximus
855 4123 1083 4206 imperatorum
1096 4122 1202 4185 Julius
1217 4121 1337 4198 Caesar,

641 4231 746 4284 Territa
756 4229 873 4298 quaesitis
885 4227 998 4281 ostendit
1009 4235 1085 4297 terga
1096 4228 1240 4281 Britannis.

538 4328 603 4393 Sed
625 4342 658 4391 et
678 4327 922 4392 deliberationes
944 4337 1133 4400 castrenses,
1147 4323 1269 4387 fictitiae
1290 4333 1407 4400 tamen,
1425 4322 1485 4387 sre-

536 4426 685 4509 quentius
698 4427 864 4508 agitentur,
879 4435 913 4488 ut
927 4425 959 4488 in
983 4424 1033 4487 his
1055 4423 1249 4486 exercitatus
1272 4420 1374 4502 miles,
1388 4443 1484 4507 quum

580 4542 651 4587 vor.
671 4542 712 4587 ιν.
1007 4541 1027 4583 a
