4084 5634
543 862 614 910 car.
631 847 690 927 v1.]
891 866 1145 911 eonrcnarrcus.
1313 828 1320 840 ⁸
1333 830 1397 936 5³2·
1404 852 1497 932 '2101v

542 1015 722 1080 stabiliendi
735 1039 836 1080 mores
844 1016 965 1082 altioris
976 1017 1072 1081 animi
1083 1015 1271 1103 philosopho
1283 1002 1493 1101 tradereptba

542 1105 702 1182 Caeterum
718 1117 821 1202 gloria
841 1140 881 1182 ne
902 1119 944 1183 ab
966 1119 1016 1183 bis
1039 1118 1179 1205 quidem,
1196 1118 1252 1203 qui
1274 1098 1525 1208 contemptiltri3

541 1219 610 1303 ejus
624 1218 826 1284 introducere
841 1232 1008 1295 conantur,
1025 1219 1207 1304 negligitur.
1254 1219 1336 1282 Nam
1358 1230 1390 1280 et
1406 1208 1529 1281 volti-‚³

541 1318 678 1385 minibus
707 1321 834 1383 nomina
861 1343 919 1384 sua
947 1321 1119 1404 diligenter
1148 1319 1316 1405 adjiciunt,
1338 1329 1376 1388 ut
1405 1313 1493 1402 quod

541 1421 734 1506 professione
749 1421 866 1496 lerant,
881 1424 1086 1505 usurpatione
1102 1422 1261 1487 memoriae
1275 1429 1494 1503 assequantur.

543 1520 606 1586 Hic
628 1541 677 1586 est
691 1523 785 1608 cujus
805 1520 1080 1608 disputationibus
1102 1521 1251 1585 effectum
1272 1533 1334 1596 est,
1357 1532 1392 1582 ut
1418 1523 1496 1586 Acu-

541 1620 647 1686 demia
676 1637 841 1688 moveatur
870 1623 972 1706 magis
1006 1622 1177 1696 rationum,
1208 1643 1303 1706 quam
1337 1618 1496 1683 collisione

541 1738 716 1808 ventorum.
749 1723 940 1789 Licetenim
957 1723 1189 1808 Peripateticus
1205 1744 1265 1785 non
1283 1719 1495 1785 Academicus

540 1839 717 1903 censeatur,
738 1848 776 1887 eo
798 1837 902 1889 tamen
926 1822 1118 1900 solicitante,
1141 1824 1181 1888 de
1203 1821 1336 1910 singulis
1357 1821 1495 1885 maxime

541 1938 707 2010 coeperunt
723 1924 889 2005 Platonici,
903 1925 959 2012 qui
975 1923 1080 1990 relicti
1095 1938 1197 2005 erant,
1211 1925 1278 1988 fere
1292 1923 1333 1987 de
1347 1921 1495 1987 omnibus

540 2024 699 2090 dubitare.
725 2025 892 2113 Siquidem
905 2040 977 2114 post
990 2039 1122 2091 mortem
1138 2026 1281 2090 Platonis
1292 2024 1495 2110 Chrysippus

541 2125 657 2190 sororis
676 2128 745 2214 ejus
766 2127 862 2206 filius,
878 2142 910 2193 et
933 2129 1131 2193 Xenocrates
1153 2127 1289 2191 dilectus
1310 2126 1380 2211 ejus
1399 2123 1496 2189 disci·

541 2227 649 2312 pulus,
670 2229 702 2291 in
725 2229 875 2310 scholam,
896 2253 970 2315 quae
994 2229 1165 2296 Academia
1184 2230 1371 2307 vocabatur,
1392 2225 1493 2290 eidem

541 2343 767 2412 successerunt,
782 2343 814 2395 et
829 2332 871 2395 ob
886 2332 946 2395 boc
962 2331 1021 2419 ipsi
1037 2345 1069 2396 et
1085 2352 1277 2397 successores
1291 2350 1401 2393 eorum
1417 2333 1500 2391 Aca·

541 2429 655 2521 despici
670 2435 867 2523 vocabantur
881 2457 901 2497 a
914 2434 996 2523 loco,
1012 2434 1095 2498 sicut
1120 2433 1276 2498 Platonici
1292 2455 1310 2494 a
1334 2431 1496 2519 magistro.

541 2531 593 2593 Ex
606 2530 726 2618 quibus
737 2536 831 2599 valde
843 2518 1002 2599 nobilitati
1014 2551 1089 2597 sunt
1103 2517 1218 2609 Gracci,
1233 2531 1392 2606 Plotinus‚
1405 2533 1428 2592 J
1430 2553 1498 2593 am-

538 2629 676 2713 blichus,
690 2649 721 2698 et
738 2636 937 2721 Porphyrius
951 2634 1115 2698 catholica
1137 2632 1293 2705 veritatis,
1310 2645 1347 2696 ut
1367 2631 1498 2709 dicitur,

541 2733 697 2815 pessimus
712 2733 926 2819 impugnator.
959 2734 1143 2819 inutraque
1159 2753 1233 2794 vero
1247 2729 1369 2814 lingua,
1382 2731 1497 2795 Graeca

541 2828 659 2894 scilicet
684 2845 716 2896 et
740 2833 864 2909 Latina,
889 2833 1002 2897 nobilis
1025 2832 1133 2896 extitit
1156 2828 1313 2916 Apuleius
1336 2830 1424 2907 Afer,
1448 2830 1496 2894 vir

540 2940 676 3019 magnus
691 2933 846 3020 inprimis,
862 2947 894 2999 ct
910 2935 964 3022 qui
981 2946 1148 3000 venustate
1170 2955 1307 3009 morum,
1322 2946 1355 2998 ct
1370 2932 1496 2997 dicendi

541 3033 641 3120 copia,
660 3036 855 3101 Socraticum
878 3037 1010 3116 fontem,
1031 3049 1063 3100 et
1084 3048 1256 3101 torrentem
1283 3035 1495 3111 Platonicum,

540 3134 631 3199 facile
648 3136 800 3214 redoleat,
812 3138 862 3201 vel
879 3138 1017 3203 tenuiter
1029 3137 1174 3224 sapienti.
1208 3136 1259 3200 Ab
1270 3136 1320 3199 bis
1333 3135 1495 3200 fluxerunt

539 3249 572 3299 et
594 3236 650 3300 alii
672 3237 777 3310 multi,
801 3238 857 3322 qui
880 3238 1071 3302 dubitabilia
1096 3238 1254 3302 discutere
1277 3237 1331 3315 sic,
1354 3249 1390 3300 ut
1416 3236 1495 3299 nulli

541 3335 817 3422 praejudicaretur,
827 3337 1019 3413 maluerunt,
1035 3360 1131 3422 quam
1148 3359 1227 3401 ausu
1241 3337 1406 3400 temerario
1421 3336 1497 3400 defi-

540 3436 618 3513 nire,
648 3436 785 3500 maxime
815 3460 917 3523 quum
951 3441 1108 3502 occultam
1137 3437 1299 3502 crederent
1329 3437 1496 3503 veritatem

463 3610 470 3617 .
539 3559 661 3616 eorum,
684 3538 724 3602 de
746 3537 867 3624 quibus
888 3538 920 3602 in
946 3551 1259 3626 utramquepartem
1287 3539 1496 3627 probabiliter

539 3638 733 3724 disputatur.
769 3639 865 3704 Unde
881 3653 913 3704 et
929 3639 1194 3705 Academicorum
1210 3641 1434 3728 antiquissima
1448 3664 1496 3704 re-

539 3739 616 3823 gula
631 3753 691 3817 est,
707 3758 743 3804 ut
759 3741 897 3828 quisque
912 3742 998 3828 quod
1016 3741 1075 3806 sibi
1091 3743 1227 3808 occurrit
1244 3742 1421 3830 probabile,
1436 3765 1495 3816 suo

536 3840 610 3929 jure
627 3840 791 3906 defendat.
