4084 5634
534 834 607 881 car.
623 815 685 894 nn]
883 829 1137 876 ronrcasrrcns.
1427 816 1484 876 111

538 985 687 1050 tenueris.
732 983 782 1046 Ea
798 993 914 1060 tamen,
928 981 968 1045 de
988 980 1107 1067 quibus
1121 981 1259 1045 maxime
1278 979 1488 1066 disceptatur,

536 1085 707 1163 inutiliora,
728 1097 760 1148 et
779 1082 849 1146 aliis
870 1082 983 1146 viliora
1005 1094 1091 1154 sunt,
1110 1103 1210 1167 quum
1233 1081 1404 1165 patuerint.
1452 1080 1485 1144 Si

537 1185 746 1273 progrederis,
763 1184 787 1248 si
810 1183 924 1270 pudet,
939 1195 970 1248 et
993 1183 1083 1268 piget
1098 1183 1128 1245 in
1149 1182 1242 1266 nugis
1257 1180 1379 1246 diutius
1393 1205 1487 1246 occu·

536 1290 615 1372 pari,
639 1287 678 1350 ad
702 1285 891 1350 diverticula
917 1283 1088 1370 propositae
1111 1282 1295 1370 quaestionis
1321 1283 1486 1359 relabitur,

536 1401 568 1452 et
586 1386 677 1473 quasi
699 1387 739 1451 ad
763 1387 867 1451 sinum
892 1385 1001 1450 matris
1022 1407 1196 1457 recurrens,
1213 1407 1300 1447 more
1320 1384 1430 1461 Antei,
1446 1387 1487 1448 ab

536 1511 585 1568 eo,
599 1489 630 1553 in
645 1512 711 1575 quo
730 1486 855 1572 genitus
870 1500 902 1552 et
917 1485 1059 1550 nutritus
1073 1498 1132 1564 est,
1147 1483 1230 1548 vires
1252 1507 1397 1570 reparare
1413 1508 1487 1548 con·

537 1589 648 1654 tendit.
693 1590 747 1656 Sic
763 1589 919 1663 circumit,
936 1600 984 1652 tot
1004 1587 1081 1652 facit
1104 1587 1288 1665 amfractus,
1304 1600 1341 1651 nt
1364 1587 1404 1650 ad
1427 1585 1490 1649 usi·

537 1703 603 1756 tata
618 1703 771 1766 recurrat,
787 1690 864 1754 acsi
880 1688 1099 1775 labyrinthum
1115 1697 1261 1773 oporteat
1276 1687 1445 1752 circumiri.

845 1788 973 1860 Serpente
985 1789 1085 1840 ciconia
1096 1787 1180 1860 pullos

646 1873 748 1937 Nunti,
764 1882 792 1926 et
803 1875 907 1926 invento
920 1892 965 1946 per
977 1874 1054 1927 deria
1065 1891 1124 1926 rura
1135 1872 1242 1936 lacertu,

644 1958 689 2011 llli
701 1960 793 2011 eadem
804 1961 896 2012 sumtis
908 1964 1026 2028 querunt
1037 1958 1161 2013 animalia
1172 1962 1272 2032 pennis.

645 2042 743 2098 Vultur
750 2046 871 2117 jumento
882 2052 909 2098 et
921 2045 1028 2097 canibus
1040 2044 1208 2114 crucibusque
1219 2044 1325 2107 relictis,

646 2130 691 2182 Ad
702 2129 780 2183 foetns
793 2136 920 2202 properat,
933 2136 1084 2202 partemque
1096 2130 1228 2183 cadaveris
1240 2128 1334 2183 adfert.

645 2215 698 2267 Hic
709 2222 751 2269 est
763 2234 826 2284 ergo
837 2217 909 2269 cibus
921 2217 1010 2285 magni
1024 2232 1124 2285 quoque
1135 2215 1253 2281 vulturis,
1266 2222 1293 2268 et
1305 2234 1334 2268 aa

645 2300 790 2366 Pascentis,
802 2303 903 2373 propria
915 2320 995 2371 quum
1003 2301 1060 2373 jam
1071 2299 1134 2352 facit
1145 2301 1237 2354 arbore
1249 2303 1333 2355 nidos.

644 2385 698 2438 Sed
709 2385 823 2456 leporem
835 2394 880 2442 aut
892 2404 1011 2459 capream
1022 2385 1125 2438 famulre
1137 2386 1153 2436 J
1156 2388 1220 2449 ovis,
1233 2393 1260 2438 et
1271 2403 1404 2454 generosae

644 2471 677 2522 In
691 2470 760 2524 saltu
776 2462 902 2526 venantur
914 2491 985 2537 ares,
997 2478 1059 2524 tunc
1071 2472 1159 2542 praeda
1170 2470 1249 2523 cubili

650 2553 776 2607 Ponitur:
794 2554 855 2607 inde
866 2563 954 2608 autem
962 2572 1042 2622 quum
1053 2570 1082 2605 se
1095 2561 1197 2605 matura
1207 2552 1306 2606 levabit

647 2635 800 2704 Progenies,
812 2636 963 2689 stimulante
974 2635 1044 2689 farne
1057 2635 1166 2688 festinat
1178 2635 1212 2687 ad
1226 2636 1307 2699 illam,

647 2720 855 2790 Quamprimum
867 2727 942 2792 rupto
954 2720 1070 2790 praedam
1082 2727 1234 2786 gustaverat
1245 2737 1301 2772 oro.

547 2816 581 2879 Si
597 2837 674 2899 ergo
688 2838 743 2880 eos
757 2838 776 2878 a
790 2815 894 2879 verbis
910 2816 975 2878 suis
991 2815 1204 2899 suspenderis,
1219 2816 1286 2880 fere
1301 2815 1332 2879 in
1348 2815 1432 2879 omni
1448 2815 1495 2878 fa·

541 2916 673 2992 cultate,
691 2915 808 3002 inopias
830 2939 940 2980 eorum
963 2913 1085 3002 poteris
1106 2917 1258 2981 misereri.
1305 2919 1389 2982 Sunt
1410 2917 1492 2981 enim

542 3018 599 3105 qui
613 3029 766 3104 praestare
783 3018 953 3084 videantur
976 3021 1006 3082 iu
1031 3018 1183 3104 siugulis;
1213 3033 1287 3083 sunt
1310 3019 1366 3108 qui
1390 3033 1495 3105 partes

540 3120 750 3206 philosophia
773 3117 939 3184 vendicent
965 3120 1146 3183 universas:
1179 3142 1237 3183 uec
1259 3121 1364 3183 minus
1387 3133 1495 3185 tamen

542 3221 673 3282 suntin
699 3218 833 3300 singulis
857 3219 1069 3303 philosophia
1092 3219 1184 3303 copia
1209 3218 1368 3283 destituti.
1414 3223 1494 3285 Sunt

542 3319 598 3401 qui
612 3317 653 3379 ab
677 3337 741 3378 una
762 3315 988 3398 perfectionem
1005 3331 1144 3402 sperent,
1160 3332 1235 3381 sunt
1258 3318 1317 3403 qui
1340 3319 1495 3384 universis

542 3418 723 3504 invigilent,
735 3416 845 3501 inopes
860 3416 1069 3501 singularum.
1107 3419 1180 3482 Non
1196 3418 1289 3482 facile
1305 3430 1409 3483 tamen
1425 3419 1498 3485 dix·

542 3519 631 3595 erim,
648 3542 730 3604 quos
745 3517 846 3603 magis
860 3518 987 3583 credam
1004 3542 1071 3583 esse
1086 3542 1244 3598 erroneos,
1260 3543 1359 3607 quum
1375 3544 1433 3586 nec
1455 3523 1499 3588 ab

543 3643 607 3685 una
621 3621 775 3708 perfectio
789 3633 924 3700 constet,
935 3633 967 3685 et
984 3643 1075 3684 nemo
1088 3621 1224 3686 fideliter
1238 3636 1337 3709 queat
1349 3624 1497 3691 omnibus

542 3723 704 3789 inservire.
749 3723 813 3800 Qui
836 3735 941 3787 tamen
964 3725 1005 3788 ab
1030 3744 1093 3787 una
1114 3723 1195 3808 petit
1217 3748 1338 3805 omncs,
1359 3726 1497 3813 ineptior

542 3839 599 3890 cst.
654 3824 863 3910 Arrogantior
894 3825 949 3910 qui
979 3847 1088 3888 omnes
1120 3827 1300 3910 profitetur.
1357 3832 1426 3894 lmo
1454 3828 1496 3891 ad

541 3927 647 3991 omnia
667 3925 817 4012 occupari
840 3925 957 3990 desidis
978 3939 1047 4000 est;
1079 3925 1133 3989 sed
1159 3927 1362 4008 fastidientis,
1377 3942 1409 3992 ct
1434 3950 1496 3991 non

542 4028 747 4114 proficientis,
761 4027 869 4090 omnia
892 4027 1067 4091 circumire.
1116 4030 1290 4110 Caeterum,
1312 4030 1370 4115 qui
1395 4027 1498 4092 mults

543 4129 714 4215 percurrit,
725 4139 762 4192 ut
774 4127 870 4213 eligat
885 4127 936 4190 cui
952 4128 993 4190 sit
1009 4127 1116 4212 potius
1128 4127 1350 4204 insistendum,
1362 4129 1496 4193 circum·

545 4243 675 4315 spectus
689 4241 751 4310 est,
766 4241 797 4293 et
813 4228 883 4292 aliis
897 4226 1095 4305 examinatis,
1111 4226 1324 4312 praeelectioni
1340 4251 1407 4292 suae
1422 4229 1498 4294 tide-

550 4329 613 4393 lius
641 4332 748 4395 serrit.
807 4331 858 4393 Eo
888 4330 970 4393 forte
1000 4342 1123 4413 spectat
1152 4343 1348 4414 praeceptum
1377 4331 1498 4410 Ethici,

550 4430 656 4514 legere
683 4431 780 4496 libros
806 4430 1028 4517 precipientis.
1087 4432 1126 4493 ln
1151 4429 1257 4496 libello
1280 4455 1410 4519 quoque
1433 4457 1501 4519 quo
