4084 5634
537 843 608 887 car.
626 827 711 906 xix]
880 839 1134 885 rom'caarrcus.
1433 825 1492 884 lar

536 992 657 1076 legitur
676 993 879 1058 ministrasse.
925 992 959 1057 Si
982 990 1182 1055 moderniora
1202 988 1423 1053 desiderantur
1437 1011 1490 1052 ex·

537 1096 663 1181 empla;
689 1095 834 1159 Valerius
865 1093 1033 1157 Vincentio
1062 1091 1136 1155 fidei
1167 1105 1199 1156 et
1230 1113 1350 1156 morum
1381 1089 1494 1154 doctor

538 1201 657 1273 extitit,
682 1211 713 1261 et
738 1197 901 1283 exemplar
926 1195 1080 1279 martyrii.
1126 1195 1237 1259 Seorta
1262 1206 1402 1258 sectatus
1425 1204 1493 1268 est3

539 1298 592 1362 sed
617 1301 710 1375 Osee,
734 1300 904 1362 mandante
929 1297 1080 1375 Domino,
1101 1295 1302 1382 amplexibus
1317 1296 1495 1360 meretricis

539 1400 686 1464 adhaesit.
734 1397 891 1485 iusipiens
905 1412 971 1460 est:
996 1396 1052 1459 sed
1075 1419 1132 1482 per
1153 1396 1366 1481 insipientiam
1382 1395 1493 1459 mundi

540 1501 679 1565 decrevit
698 1503 786 1564 Deus
807 1499 928 1562 salvare
949 1499 1123 1562 credentes.
1169 1501 1337 1562 Percussor
1352 1511 1414 1562 est:
1439 1499 1493 1562 sed

542 1604 658 1666 Petrus
674 1601 817 1686 gladium
841 1621 984 1675 exerens,
1007 1600 1102 1674 servi,
1118 1598 1270 1684 principis
1286 1598 1495 1679 sacerdotum,

539 1703 715 1768 auriculam
738 1702 930 1790 amputavit.
984 1701 1195 1766 Meticulosus
1218 1715 1284 1764 est:
1312 1700 1372 1764 Sed
1404 1703 1497 1765 lonas

540 1806 581 1868 ad
598 1805 760 1870 Ninivitas
784 1806 906 1868 veritus
928 1817 976 1867 est
991 1803 1151 1883 accedere,
1171 1802 1314 1866 Thomas
1329 1802 1369 1867 ad
1389 1804 1495 1869 ludos.

543 1907 911 1972 Teneturluncrionibus
923 1905 1061 1992 publicis
1071 1905 1235 1989 alligatus:
1253 1904 1307 1969 sed
1320 1907 1497 1972 Matthaeus

542 2008 583 2073 de
600 2009 723 2074 teloneo
735 2023 918 2094 assumptus
933 2021 991 2072 est.
1040 2008 1228 2071 Vinolentus
1244 2022 1306 2089 est,
1320 2021 1351 2072 et
1368 2008 1497 2072 deditus

543 2111 648 2193 gulae:
674 2108 727 2173 sed
751 2108 908 2174 Dominus
930 2110 997 2196 ipse
1020 2109 1124 2174 dictus
1144 2123 1190 2173 est
1208 2124 1335 2195 potator
1352 2109 1426 2186 vini,
1443 2133 1496 2172 vo·

542 2227 628 2277 rator
659 2213 812 2277 carnium.
859 2216 932 2277 Non
962 2211 1135 2297 acquiescit
1165 2213 1356 2298 majoribus:
1388 2212 1441 2277 sed
1465 2225 1497 2276 et

543 2315 663 2380 Paulus
677 2315 709 2377 in
725 2315 838 2378 faciem
854 2315 971 2378 restitit
990 2318 1092 2378 Petro.
1132 2316 1359 2381 contentiosus
1373 2328 1439 2379 est:
1464 2329 1496 2378 et

542 2419 625 2482 inter
660 2417 833 2504 discipulos
862 2419 942 2480 Jesu
981 2417 1066 2480 facta
1104 2417 1265 2481 contentio
1294 2431 1497 2483 memoratur.

545 2520 705 2583 Garrulus
727 2533 775 2583 est
796 2532 828 2582 et
850 2516 1031 2601 linguosus:
1055 2518 1214 2581 facundus
1233 2519 1398 2598 habeatur,
1420 2542 1500 2603 quo-

546 2619 628 2683 niam
646 2633 678 2683 et
694 2621 866 2705 Apostolus
882 2619 925 2683 sic
940 2620 1047 2685 dictus
1062 2632 1110 2683 est
1127 2619 1392 2684 semini-verbius.
1413 2619 1503 2684 Mili-

546 2728 624 2788 tiam
641 2734 793 2785 armatam
810 2722 969 2785 exercuit:
995 2721 1048 2785 sed
1062 2722 1224 2786 Martinus
1239 2724 1259 2786 J
1263 2721 1368 2785 uliano
1383 2722 1501 2807 legitur

547 2824 709 2889 militasse.
735 2823 791 2886 Vir
806 2823 997 2907 sanguinum
1013 2837 1074 2889 est:
1099 2823 1152 2887 sed
1165 2827 1295 2908 Moyses
1307 2825 1500 2911 AEgyptium

546 2928 755 3004 interfecit‚et
767 2927 1105 3012 absconditinsabulo.
1131 2929 1502 2995 Manifestumesthomi·

546 3031 679 3095 cirlium:
703 3043 734 3094 et
753 3028 879 3092 Samuel
896 3044 1052 3115 praesente
1068 3029 1188 3117 populo
1207 3053 1311 3116 regem
1330 3031 1500 3117 pinguissi-

547 3156 635 3198 mum
649 3132 817 3196 interfecit.
845 3131 989 3196 Perfidus
999 3146 1046 3197 est
1056 3146 1087 3196 et.
1101 3135 1261 3219 perjurus:
1280 3133 1334 3198 sed
1347 3146 1379 3198 et
1389 3138 1502 3200 Petrus

550 3233 717 3318 perfidiam
741 3233 882 3317 perjurio
901 3234 1089 3299 cumularit.
1136 3239 1252 3299 Mutus
1274 3248 1341 3298 est:
1368 3235 1421 3298 sed
1442 3237 1503 3300 hoc

550 3334 738 3399 Zachariam
751 3354 770 3394 a
782 3333 957 3397 sacerdotio
967 3357 1028 3397 non
1038 3334 1183 3398 exclusit.
1208 3337 1322 3400 Caecus
1333 3350 1394 3400 est:
1406 3339 1461 3402 sed
1471 3352 1503 3405 et

551 3436 670 3501 Paulus
686 3435 793 3500 videre
809 3458 869 3499 non
888 3448 1024 3522 poterat,
1040 3437 1169 3522 qnando
1184 3460 1255 3501 eum
1275 3439 1416 3504 Ananias
1436 3445 1503 3507 Do·

550 3539 637 3603 mino
651 3541 859 3602 consecravit.
894 3540 1112 3623 Exigentibus
1133 3541 1239 3626 culpis
1255 3542 1419 3627 depositus
1438 3557 1499 3609 est:

550 3642 604 3706 sed
619 3640 710 3704 multi
728 3640 806 3704 tales
822 3644 960 3707 restituti
974 3656 1060 3716 sunt,
1082 3653 1113 3705 et
1129 3643 1329 3728 postmodum
1353 3646 1505 3711 Ecclesiae

551 3742 612 3806 Dei
641 3742 817 3828 plurimum
848 3742 1049 3828 prosuerunt.
1112 3745 1237 3810 Surdus
1261 3761 1329 3811 est:
1354 3749 1408 3812 sed
1443 3749 1504 3814 hoc

550 3848 724 3928 praeconari
738 3845 837 3929 legem
857 3845 915 3909 Dei
932 3868 992 3909 non
1010 3846 1168 3931 prohibet.
1214 3849 1409 3914 Praedicator
1420 3855 1503 3915 enim

551 3950 719 4031 quaeritur,
734 3969 796 4010 non
812 3946 949 4010 auditor,
995 3947 1159 4033 Leprosus
1173 3961 1235 4013 est:
1254 3950 1308 4013 sed
1324 3950 1363 4012 de
1378 3964 1505 4034 pastore

552 4062 714 4133 pastorum
731 4048 861 4111 ecclesia
873 4047 992 4112 recolit.
1028 4048 1109 4125 Quia
1119 4070 1176 4110 nec
1187 4052 1334 4133 speciem,
1347 4072 1403 4114 nec
1415 4050 1506 4114 deco-

555 4169 620 4211 rem
637 4148 757 4212 habens
772 4145 933 4234 apparuit,
950 4148 1007 4233 qui
1028 4147 1246 4211 excludendus
1262 4149 1423 4215 videretur
1439 4165 1507 4216 taa-

552 4273 649 4334 quam
662 4250 815 4335 leprosus,
826 4264 856 4315 et
871 4252 1072 4314 nechumano
1083 4250 1346 4336 dignusaspectu.
1370 4255 1508 4318 Persona

554 4350 754 4435 despicabilis
769 4364 832 4416 est:
852 4351 904 4414 sed
922 4352 1063 4416 insimili
1081 4350 1215 4437 repulsae
1235 4353 1340 4431 titulo,
1355 4354 1507 4423 adversus
