4084 5634
542 848 611 893 cae.
630 830 696 909 nn]
893 845 1145 892 eunrcnamcus.
1428 831 1491 886 909

540 999 647 1077 telam,
663 1021 757 1084 quam
774 995 970 1081 largitionem
988 998 1096 1082 potius
1111 996 1184 1059 dici.
1231 994 1284 1059 Fit
1299 993 1380 1056 enim
1404 993 1491 1057 dete-

541 1104 605 1164 rior
620 1101 677 1186 qui
692 1099 817 1184 accipit,
835 1113 932 1184 atque
947 1099 987 1162 ad
1003 1099 1087 1162 idem
1111 1119 1232 1182 semper
1255 1094 1490 1180 expectandum

540 1202 690 1286 paratior.
729 1202 815 1279 Quid
830 1216 935 1264 autem
951 1213 1000 1264 est
1015 1201 1153 1272 stultius,
1169 1221 1263 1280 quam
1279 1196 1365 1284 quod
1382 1196 1491 1269 facias,

542 1300 676 1364 libenter
690 1323 813 1377 curare,
830 1317 865 1363 ut
880 1300 914 1363 id
930 1301 1053 1364 diutius
1069 1301 1170 1364 facere
1186 1321 1246 1363 uon
1262 1299 1386 1384 possis?
1415 1301 1492 1361 Lar·

540 1404 676 1486 gitiones
698 1392 921 1466 immoderatas
935 1402 1053 1486 rapinae
1069 1416 1259 1486 sequentur:
1291 1423 1392 1485 quum
1407 1398 1490 1461 enim

540 1504 648 1569 dando
677 1528 769 1589 egere
799 1505 942 1590 coeperis
973 1504 1063 1567 bonis
1093 1503 1201 1566 alienis
1230 1524 1341 1565 manus
1371 1499 1491 1582 cogeris

540 1605 664 1670 inferre.
690 1608 806 1691 Itaque
818 1629 917 1690 quum
930 1605 1157 1669 benevolentiae
1168 1601 1388 1690 comparanda.²
1398 1622 1493 1663 causa

541 1707 583 1770 sis
594 1707 760 1792 prodigus,
771 1730 832 1770 non
846 1719 933 1770 tanta
946 1707 1053 1770 studia
1064 1707 1240 1793 assequeris
1251 1727 1359 1768 eorum
1374 1702 1492 1789 quibus

541 1809 677 1885 dederis,
692 1824 811 1895 quanta
826 1832 934 1872 eorum
950 1808 1022 1872 odiu
1040 1809 1159 1895 quibus
1173 1809 1336 1871 ademeris.
1374 1808 1490 1884 Quam-

541 1910 650 1972 obrem
673 1933 730 1972 nec
753 1909 798 1973 ita
819 1909 996 1973 claudenda
1022 1923 1069 1974 est
1096 1932 1145 1972 res
1166 1908 1339 1984 familiaris,
1362 1920 1400 1971 ut
1422 1929 1490 1970 eum

541 2009 719 2093 benignitas
736 2010 858 2096 aperire
881 2032 941 2074 non
964 2012 1084 2095 possit;
1114 2034 1171 2075 nec
1193 2013 1238 2076 ita
1260 2010 1438 2087 reseranda,
1455 2022 1491 2071 ut

541 2113 690 2177 omnihus
715 2125 840 2198 pateat:
879 2113 931 2175 sed
961 2113 1122 2198 utrimque
1148 2114 1261 2177 modus
1290 2111 1491 2184 adhibeatur,

541 2214 631 2299 isque
642 2215 797 2278 referatur
807 2215 847 2278 ad
861 2215 1036 2280 facultates.
1060 2219 1105 2280 Et
1114 2215 1244 2302 quidem
1256 2220 1417 2299 eleganter
1427 2213 1492 2276 sive

540 2316 766 2402 Philosophus,
792 2317 857 2380 sive
885 2319 966 2380 alius
989 2316 1153 2403 popularis
1175 2317 1272 2402 hujus
1298 2316 1491 2403 profusionis

539 2419 831 2483 immoderationem
848 2420 1003 2498 cohibuit,
1017 2443 1091 2504 quae
1108 2420 1238 2506 quidem
1254 2419 1386 2504 gloriam
1404 2417 1490 2480 vide-

541 2535 595 2583 tur
609 2521 729 2598 afferre,
745 2521 799 2583 sed
816 2543 902 2582 more
919 2521 1096 2584 meretricio
1115 2543 1214 2605 quum
1238 2543 1287 2583 res
1306 2518 1491 2592 defecerint,

539 2622 707 2684 evanescit.
747 2623 828 2684 Nam
844 2622 966 2703 gratiae,
980 2643 1076 2706 quam
1092 2644 1155 2685 uon
1172 2621 1283 2696 virtus,
1296 2620 1350 2683 sed
1362 2619 1492 2682 fortuna

541 2723 698 2800 conciliat,
715 2745 803 2785 amor
819 2723 991 2785 meretricis
1006 2721 1178 2787 rectissime
1194 2733 1406 2807 comparatur.

543 3001 621 3087 Cap.
637 3003 667 3064 3.
686 3006 779 3078 Quod
791 3009 895 3069 omnis
910 3007 1063 3089 professio
1081 3027 1156 3068 suos
1183 3007 1365 3069 Thraecam
1379 3005 1490 3069 habet:

583 3113 614 3169 et
628 3109 667 3169 de
678 3111 921 3190 percontamur
935 3108 979 3172 ad
988 3110 1228 3172 similitudinem
1239 3108 1398 3170 Eunuchi
1414 3107 1491 3170 Ter-

583 3212 731 3270 rcntioni.
748 3214 815 3272 sint
840 3213 932 3291 opud
953 3212 1099 3273 aaronitae
1120 3213 1314 3293 qloriuntas:
1355 3215 1384 3270 et
1409 3208 1493 3288 quod

582 3329 668 3370 uano
681 3312 784 3391 ploria
799 3313 938 3372 meretric
947 3315 969 3371 's
983 3331 1069 3372 more
1083 3313 1200 3375 locrtlos
1214 3314 1366 3391 sequitur.

585 3443 662 3517 EST,
690 3459 725 3507 ut
750 3443 901 3519 diximus,
929 3444 961 3507 iu
989 3442 1103 3528 quavis
1132 3444 1324 3529 professione
1350 3443 1490 3507 invenire

539 3543 668 3608 militem
684 3544 870 3630 gloriosum,
886 3546 941 3630 qui
957 3546 1118 3631 obsequiis
1137 3560 1168 3610 et
1190 3546 1376 3610 muneribus
1400 3566 1488 3608 suam

541 3646 710 3723 Thaidem,
726 3646 757 3710 id
776 3659 835 3727 est,
850 3669 961 3710 nomen
984 3646 1118 3727 celebre,
1133 3662 1166 3710 et
1189 3647 1279 3733 quasi
1301 3647 1395 3711 famae
1418 3668 1490 3730 gra·

538 3750 613 3812 tiam
640 3762 756 3835 captat.
804 3749 865 3812 Sed
893 3749 921 3811 ei
947 3770 1004 3811 nec
1032 3749 1174 3827 Gnatho,
1197 3765 1233 3813 ut
1260 3748 1408 3836 decipiat,
1433 3771 1490 3810 nec

538 3849 698 3927 Phaedria,
720 3855 778 3936 qui
805 3852 931 3914 laudem
958 3853 1133 3938 praeripiat,
1158 3875 1215 3915 nec
1236 3852 1293 3937 qui
1316 3853 1399 3914 dona
1421 3875 1489 3914 cor-

539 3967 668 4038 rumpat
684 3952 874 4030 adolescens,
885 3966 942 4016 aut
956 3975 1063 4017 servus
1081 3957 1247 4028 Parmen0,
1263 3952 1319 4038 qui
1336 3952 1491 4037 desipien-

540 4065 602 4117 tem
628 4054 772 4130 irrideat,
799 4054 897 4117 deest.
945 4054 1043 4139 Apud
1071 4052 1249 4117 eunuchum
1277 4053 1387 4115 comici
1414 4050 1489 4115 audi

539 4156 752 4228 Gnathonem,
765 4171 796 4220 et
808 4178 847 4218 an
859 4156 964 4240 ipsum
975 4156 1007 4219 in
1020 4155 1141 4218 familia
1151 4153 1355 4240 gloriantium
1371 4153 1489 4229 videas,

537 4255 707 4342 diligenter
722 4257 863 4324 attende.

573 4373 631 4435 Est,
642 4374 735 4442 inquit,
748 4393 829 4442 genus
841 4375 984 4438 hominum,
997 4378 1041 4445 qui
1054 4394 1111 4428 esee
1123 4377 1217 4445 primos
1229 4391 1257 4426 se
1276 4374 1387 4426 omnium
1405 4391 1488 4426 rerum

677 4458 774 4526 volunt,

579 4564 651 4610 vul..
668 4565 711 4609 1v.
1006 4568 1028 4613 Ρ
