4084 5634
452 833 525 879 css.
541 814 635 900 xxa]
801 832 1054 878 rourcnarrcns.
1363 822 1406 880 65

452 1006 550 1063 mum,
561 995 596 1049 et
609 987 792 1070 proximum
807 986 990 1068 sacrilegio:
1015 985 1092 1067 qnia
1107 984 1279 1052 sicutillud
1294 985 1399 1049 Deum

451 1097 594 1165 attentat,
609 1088 701 1151 itaet
715 1087 802 1152 istud
825 1087 1014 1171 principem,
1030 1108 1124 1170 quern
1145 1099 1272 1153 constat
1286 1109 1355 1151 esse
1370 1089 1402 1150 in

452 1190 541 1252 terris
555 1189 718 1271 quandam
733 1190 902 1272 imaginem
916 1189 1063 1254 Deitatis.
1108 1191 1152 1254 Et
1166 1211 1258 1253 exeo
1273 1189 1402 1274 quidem

451 1287 625 1371 majestatis
654 1288 771 1353 dicitur
800 1289 932 1366 crimen,
962 1288 1051 1372 quod
1086 1291 1284 1372 persequitur
1315 1290 1401 1352 illius

450 1388 630 1470 imaginem,
640 1390 695 1471 qui
712 1390 811 1465 solus,
822 1390 905 1453 sicut
914 1390 1046 1452 illustris
1058 1390 1176 1454 Comes
1192 1392 1402 1472 Legecestriae

450 1489 620 1562 Robertus,
643 1489 786 1553 modeste
808 1490 1068 1572 proconsulatum
1093 1510 1207 1569 gerens
1228 1489 1315 1573 apud
1331 1492 1399 1552 Bri-

451 1590 587 1665 tannias,
603 1588 709 1653 dicere
725 1589 903 1666 consuerit,
917 1610 998 1651 verae
1014 1602 1047 1651 et
1064 1591 1212 1670 ingenuae
1228 1590 1401 1674 majestatis

448 1689 561 1751 retinet
575 1690 748 1754 veritatem.
795 1690 879 1752 Puta
895 1710 969 1752 cum
985 1691 1059 1773 quis
1081 1690 1229 1754 adversus
1245 1692 1401 1775 principis

451 1791 666 1866 securitatem,
677 1804 733 1853 aut
746 1791 872 1874 populi,
888 1789 964 1874 quid
979 1790 1118 1865 molitur,
1129 1791 1195 1852 sive
1207 1813 1264 1874 per
1279 1814 1324 1869 se,
1335 1795 1402 1856 sive

450 1892 638 1972 paralium.
684 1892 722 1953 ln
752 1889 848 1973 hujus
880 1900 984 1953 autem
1010 1890 1229 1972 persecutione
1255 1893 1403 1955 omnibus

451 2012 547 2074 aequa
569 1991 712 2054 conditio
734 2005 798 2054 est:
823 2001 855 2054 et
876 1993 1062 2075 plerumque
1086 1990 1190 2068 finnt
1211 2014 1271 2057 nec
1293 1995 1404 2058 mortis

450 2092 622 2171 beneficio,
636 2094 668 2156 in
690 2095 741 2156 his
763 2095 856 2157 etiarn
881 2114 962 2177 quos
984 2116 1080 2156 nemo
1103 2096 1254 2159 convenit
1272 2096 1305 2157 in
1328 2097 1404 2174 vita,

404 2262 409 2268 ,
452 2194 632 2257 liberentur.
678 2193 743 2256 Sed
759 2194 917 2257 convictis
937 2195 1070 2257 mortuis
1091 2195 1215 2256 illorum
1238 2193 1405 2258 damnatur

451 2293 613 2369 memoria,
639 2303 672 2357 et
700 2297 788 2357 bona
813 2295 1054 2357 successoribus
1079 2295 1271 2358 auferuntur.
1319 2297 1403 2358 Nam

451 2415 491 2456 ex
507 2417 571 2477 quo
586 2395 864 2458 sceleratissimum
886 2395 959 2478 quis
981 2394 1150 2458 consilium
1172 2396 1269 2476 cepit,
1284 2397 1403 2460 exinde

452 2496 688 2578 quodammodo
710 2518 769 2559 sua
791 2511 897 2560 menta
916 2496 1049 2580 punitus
1071 2509 1129 2560 est.
1175 2497 1308 2580 Exque
1332 2498 1404 2582 quis

449 2597 511 2658 tale
532 2598 650 2661 crimen
671 2599 842 2675 contraxit,
861 2619 968 2680 neque
990 2599 1141 2673 alienare,
1163 2618 1269 2679 neque
1292 2620 1401 2660 manu-

453 2696 576 2758 mittere
591 2718 687 2779 posse
707 2707 844 2773 constat,
859 2718 918 2760 nec
943 2698 972 2759 ei
988 2698 1112 2758 solvere
1129 2697 1201 2779 jure
1217 2696 1404 2760 debitorem.

451 2797 577 2860 Famosi
601 2818 738 2880 quoque,
753 2798 809 2879 qui
829 2799 908 2860 alias
922 2799 977 2882 jus
992 2796 1168 2860 accusandi
1188 2819 1252 2861 non
1273 2800 1403 2878 habent,

450 2897 519 2960 siue
536 2897 600 2960 nlla
621 2896 819 2960 dubitatione
837 2897 889 2959 hic
906 2896 1135 2972 admittuntur;
1158 2897 1214 2960 sed
1230 2911 1262 2963 ct
1276 2900 1404 2980 milites,

450 3000 503 3081 qui
519 2999 598 3061 alias
614 3018 728 3060 causas
739 2996 912 3061 defendere
924 3018 989 3061 non
1001 3009 1147 3081 possunt.
1179 2999 1261 3064 Nam
1275 3002 1332 3085 qui
1343 3024 1401 3087 pro

449 3121 527 3184 pace
537 3102 713 3176 excubant,
722 3101 824 3183 magis
840 3102 1002 3184 magisque
1015 3099 1059 3165 ad
1069 3101 1154 3164 banc
1164 3105 1401 3167 accusationem

449 3201 639 3265 admittendi
654 3214 737 3264 sunt
782 3203 871 3265 Servi
888 3223 1017 3284 quoque
1034 3201 1182 3265 dominos
1196 3205 1330 3267 licenter
1349 3205 1400 3268 de-

451 3303 567 3375 serunt,
593 3312 626 3364 et
654 3301 762 3362 liberti
791 3313 953 3382 patronos.
999 3302 1074 3364 Hoc
1105 3312 1212 3364 tamen
1240 3305 1358 3365 crimen
1385 3327 1405 3367 a

444 3401 615 3488 judicibus
629 3421 694 3463 non
710 3401 743 3463 in
755 3401 960 3465 occasionem
971 3402 1013 3463 ob
1028 3401 1216 3485 principalis
1230 3402 1403 3485 majestatis

451 3504 687 3568 venerationem
702 3501 886 3567 babendum
898 3514 957 3576 est,
971 3503 1030 3566 sed
1045 3504 1078 3565 in
1091 3504 1229 3566 veritate·
1275 3506 1359 3569 Nam
1369 3522 1402 3570 et

454 3604 629 3690 spectanda
644 3618 692 3669 est
702 3625 889 3689 personaan
904 3605 1045 3688 potuerit
1060 3605 1172 3682 facere,
1184 3616 1216 3668 et
1226 3625 1266 3668 an
1283 3606 1402 3686 fecerit,

448 3731 488 3771 an
519 3707 717 3787 cogitaverit,
744 3720 776 3772 et
801 3728 841 3771 an
873 3718 1043 3790 antequam
1067 3708 1129 3769 hoc
1156 3711 1402 3791 praesumpserit,

450 3831 535 3873 sauae
552 3809 666 3872 mentis
677 3809 781 3872 fuerit.
828 3810 899 3871 Noc
915 3808 1075 3871 lubricum
1087 3809 1204 3889 linguar
1214 3807 1255 3870 ad
1271 3830 1399 3891 poenam

450 3909 544 3972 facile
575 3907 763 3972 trahendum
794 3919 863 3971 est:
901 3927 1095 3991 quamquam
1130 3909 1214 3969 enim
1244 3912 1401 3973 temerarii

449 4031 545 4093 poena
559 4009 624 4072 sint
638 4008 740 4091 digni,
755 4020 860 4072 tamar
877 4019 910 4072 et
924 4009 989 4071 illis
1003 4007 1201 4090 parcendum
1217 4022 1274 4086 est,
1291 4010 1317 4072 si
1332 4030 1397 4071 non

449 4111 512 4174 tale
535 4111 573 4173 sit
604 4108 768 4187 delictum,
790 4109 878 4191 quod
909 4110 959 4171 vel
988 4127 1029 4170 ex
1058 4108 1215 4191 scriptura
1242 4108 1323 4189 legis
1345 4106 1400 4169 de·

451 4212 594 4287 scendat,
619 4213 667 4275 vel
691 4212 776 4295 quod
800 4210 841 4274 ad
864 4211 1050 4293 exemplum
1072 4211 1152 4291 legis
1171 4208 1401 4272 vindicandum

452 4323 509 4374 est
554 4312 735 4377 Audiuntur
749 4326 781 4377 et
802 4313 949 4376 mulieres
969 4313 1004 4373 in
1025 4312 1110 4373 laesoe
1131 4309 1301 4390 majestatis
1316 4332 1401 4394 quae-

455 4411 567 4475 stione.
613 4412 696 4477 Nam
729 4414 979 4496 conjurationem
1012 4410 1113 4489 Sergii
1140 4408 1285 4472 Catilinae
1313 4413 1402 4478 tutia

495 4530 567 4577 von.
590 4533 630 4577 ιν.
930 4532 949 4575 1²
