4084 5634
536 824 607 869 cnr.
623 805 691 885 uc]
830 818 832 820 ·
882 818 1138 864 rosrcanrrous.
1215 822 1218 829 ·
1424 806 1485 867 109

538 972 617 1037 nihil
640 971 753 1036 melius
776 983 835 1052 est,
854 970 913 1034 uisi
935 971 1001 1035 frui
1023 994 1072 1046 eo,
1095 973 1151 1056 qui
1177 992 1297 1033 summo
1319 969 1433 1049 bonus,
1453 983 1484 1033 et

539 1095 699 1137 summum
724 1072 841 1136 bonum
869 1085 927 1136 cst.
974 1076 1061 1137 Usus
1086 1072 1169 1135 enim
1196 1070 1322 1136 virtutis
1344 1071 1487 1157 optimus

539 1187 598 1253 est,
608 1189 639 1239 et
652 1174 762 1239 utendi
776 1177 865 1238 Deus
875 1173 942 1259 ipse
954 1187 1001 1237 est
1014 1173 1149 1237 fructus.
1176 1176 1284 1248 Quum
1298 1196 1372 1236 vero
1383 1173 1486 1237 virtus

539 1276 605 1340 sola
616 1277 744 1340 beatum
760 1274 868 1351 faciet,
879 1275 918 1338 ad
936 1274 1085 1338 thronum
1102 1276 1181 1360 ejus,
1194 1288 1299 1338 sumta
1313 1277 1487 1353 occasione,

539 1399 578 1440 ex
592 1377 820 1441 traditionibus
834 1374 1012 1439 doctiorum
1031 1396 1087 1460 per
1098 1374 1199 1437 varios
1214 1373 1309 1438 calles
1321 1373 1487 1437 ascendere

540 1482 646 1542 conati
676 1491 762 1556 sunt.
817 1477 943 1541 Stoicus
971 1477 1055 1538 enim
1091 1487 1126 1538 ut
1155 1497 1261 1537 rerum
1292 1488 1486 1538 contemtum

539 1581 663 1653 doceat,
675 1580 707 1642 in
724 1579 834 1642 mortis
848 1578 1050 1641 meditatione
1066 1589 1222 1641 versatur.
1260 1577 1488 1661 Peripateticus

540 1681 571 1745 in
591 1680 798 1767 inquisitione
817 1680 881 1742 veri
897 1677 1079 1741 volutatur:
1111 1677 1142 1740 in
1168 1676 1388 1763 voluptatibus
1409 1677 1488 1762 Epi·

541 1806 657 1848 curus:
689 1794 721 1846 et
739 1782 813 1845 licet
833 1780 874 1844 ad
897 1802 996 1844 unum
1020 1780 1161 1856 tendant,
1178 1781 1282 1845 varias
1305 1781 1487 1859 sententias,

540 1885 632 1971 quasi
662 1882 730 1948 vias
758 1882 966 1947 beatitudinis
996 1882 1197 1947 auditoribus
1226 1881 1292 1947 suis
1329 1882 1488 1968 aperiunt.

543 1990 594 2050 De
617 1986 732 2072 quibus
753 1983 902 2048 dubitare
925 1998 957 2049 et
980 2007 1122 2072 quaerere
1147 1983 1281 2048 liberum
1308 1999 1368 2062 est,
1389 1983 1489 2047 donec

542 2108 582 2149 ex
603 2085 768 2150 collatione
791 2085 1040 2171 propositorum,
1057 2086 1148 2168 quasi
1171 2109 1210 2149 ex
1233 2085 1371 2171 quadam
1396 2086 1490 2149 ratio-

542 2209 619 2252 num
637 2188 808 2266 collisione,
824 2189 939 2253 veritas
959 2187 1129 2252 illucescat.
1177 2188 1239 2251 Sed
1262 2189 1302 2252 de
1325 2187 1373 2251 his
1394 2187 1490 2253 latius

542 2290 573 2354 in
589 2291 798 2378 sequentibus
812 2290 946 2355 dicetur.
992 2292 1088 2355 Nunc
1103 2291 1238 2356 sufficiat
1256 2290 1440 2366 ostendisse,
1455 2291 1489 2354 in

543 2393 661 2478 quibus
677 2393 888 2457 Academicos
903 2393 1087 2458 vacillantes
1103 2392 1194 2458 liceat
1210 2393 1337 2459 imitari.

545 2728 625 2811 Cap.
649 2732 679 2790 9.
709 2728 761 2791 De
782 2730 973 2810 arrepuntlo
1001 2728 1223 2790 mirllitudiaia
1248 2729 1427 2809 imperite:
1461 2737 1492 2793 el

586 2833 726 2910 qualiter
740 2833 873 2912 lependo
886 2838 965 2894 sunt
978 2853 1026 2907 eo,
1039 2849 1115 2911 quae
1125 2831 1274 2912 prodesse
1283 2837 1450 2914 poterunt,
1462 2841 1493 2897 et

586 2933 708 2997 obesse:
737 2943 769 2996 et
791 2934 876 3014 quod
896 2937 1028 3014 ingenio
1048 2933 1097 2996 vel
1117 2936 1268 2997 exercitio
1287 2937 1358 2998 eine
1381 2939 1492 3020 prolia

585 3039 746 3118 sapientia
762 3055 828 3098 non
843 3038 1012 3119 continpit.

589 3207 694 3270 Pauor
720 3220 825 3270 tamen
855 3221 930 3271 sunt
959 3209 1016 3293 qui
1042 3207 1292 3270 academicorum
1319 3208 1493 3274 imitatores

545 3327 612 3368 esse
633 3305 817 3390 dignentur,
831 3329 932 3391 quurn
950 3308 1173 3392 unusquisque
1188 3328 1246 3390 pro
1260 3306 1357 3372 libitu
1374 3310 1492 3395 potius,

433 3450 443 3482 .·
546 3428 641 3491 quam
668 3407 799 3480 ratione,
826 3406 923 3491 eligat
950 3406 1036 3491 quod
1063 3417 1223 3491 sequatur.
1267 3408 1330 3472 Alii
1356 3432 1494 3497 namque

546 3507 693 3594 propriis,
708 3507 761 3570 alii
783 3507 948 3572 doctorum
973 3508 1187 3593 opinionibus,
1201 3508 1254 3572 ulii
1279 3507 1493 3578 multitudinis

543 3610 703 3673 consortio
717 3609 951 3675 distrahuntur.
997 3610 1083 3687 Quid
1107 3609 1188 3673 enim
1212 3611 1351 3690 dubitat,
1367 3614 1421 3700 qui
1439 3615 1493 3702 ju-

546 3725 634 3775 ratus
654 3711 685 3774 in
711 3712 808 3776 verba
831 3711 985 3797 magistri,
1007 3735 1070 3776 non
1094 3713 1186 3801 quid,
1209 3714 1263 3778 sed
1285 3738 1303 3778 a
1326 3740 1391 3803 quo
1412 3714 1492 3803 quid

545 3811 671 3876 dicatur
696 3814 857 3879 attendit?
888 3813 974 3888 Quid
999 3818 1047 3879 vis
1070 3813 1152 3877 enim
1179 3814 1293 3880 elatrat
1317 3822 1442 3895 acriter,
1462 3830 1494 3882 et

546 3936 610 3999 quo
626 3913 749 3978 imbuta
764 3931 813 3978 est
828 3915 958 3999 puerilis
977 3929 1065 3990 aetas,
1081 3915 1120 3978 de
1141 3915 1262 3980 intimis
1284 3918 1494 4004 philosophiae

546 4014 664 4080 abditis
685 4027 813 4081 erutum
834 4030 939 4102 putat.
986 4022 1120 4082 Paratus
1146 4032 1178 4082 et
1204 4020 1244 4081 de
1271 4018 1342 4083 lana
1367 4021 1495 4107 caprina

543 4116 746 4198 contendere,
761 4116 892 4183 credens
906 4118 1110 4205 inopinabile,
1124 4120 1149 4183 si
1175 4120 1253 4205 quid
1269 4120 1414 4202 ignotum
1438 4144 1495 4185 au·

547 4218 636 4282 ribus
658 4219 728 4304 ejus
748 4220 902 4296 insonuit,
918 4242 976 4284 nec
998 4222 1175 4285 rationibus
1196 4218 1378 4306 acquiescit,
1400 4244 1495 4307 quem

548 4316 687 4381 doctoris
701 4320 876 4405 captivavit
887 4321 1003 4406 opinio.
1051 4320 1212 4406 Quicquid
1225 4320 1307 4385 enim
1324 4321 1375 4385 illc
1385 4336 1496 4409 protu-

549 4418 598 4494 lit,
610 4420 826 4486 authenticum
839 4434 871 4486 et
884 4437 1118 4488 sacrosanctum
1135 4436 1192 4487 est.
1230 4421 1287 4486 llle
1304 4437 1406 4520 tumen
1422 4450 1496 4491 con·
