4084 5634
1011 337 1114 446 &Vb
1141 337 1308 473 Cim
1516 340 1626 482 pp(

1383 795 1418 855 ιι

472 811 544 858 oar.
560 796 628 875 nx]
817 812 1072 858 ronrcmrcns.

472 976 529 1029 est
575 967 622 1031 Ut
641 965 729 1030 enim
751 964 806 1042 ait,
820 966 931 1028 nescio
953 985 1019 1048 quo
1041 974 1138 1050 pacto
1160 974 1295 1029 mortem
1317 964 1423 1028 minua

471 1067 572 1144 timet,
587 1066 643 1152 qui
658 1066 845 1130 deliciarum
860 1066 966 1129 minus
980 1067 1070 1130 novit
1083 1065 1117 1129 in
1134 1066 1207 1129 vita.

472 1378 553 1463 (lap.
577 1383 607 1443 θ.
636 1379 686 1440 De
708 1375 870 1440 militibus
888 1377 1043 1458 gloriosis,
1067 1376 1123 1460 qui
1142 1376 1273 1438 militis
1291 1374 1426 1440 inutiles

911 1484 998 1540 sunt.

515 1614 748 1677 Eauaascanr
771 1612 850 1674 sorte
880 1611 1000 1672 milites
1023 1608 1167 1690 gloriosi,
1190 1620 1223 1673 et
1247 1610 1302 1693 qui
1324 1611 1425 1676 Tura·

475 1735 585 1777 sonem
608 1713 768 1776 comicum
791 1710 899 1793 potius
922 1710 985 1771 vita
1006 1719 1039 1772 et
1059 1709 1209 1787 moribus,
1232 1731 1324 1794 quarn
1355 1732 1427 1795 pro·

474 1815 614 1879 sessione
630 1824 663 1877 et
677 1810 807 1875 nomine
823 1821 1063 1895 repraesentant,
1078 1810 1148 1874 haec
1164 1823 1291 1875 armatae
1306 1814 1427 1877 militiae

477 1915 599 1992 munia,
628 1936 700 1998 quae
730 1933 793 1976 non
823 1923 887 1976 tam
911 1912 960 1990 (ut
988 1913 1036 1975 eis
1063 1910 1199 1990 videtur)
1223 1912 1428 1997 disciplinam

476 2013 599 2078 redolet
627 2013 806 2090 militarem,
828 2033 924 2095 quam
948 2010 1169 2092 ignominiosas
1193 2013 1351 2078 servitutis
1373 2037 1429 2080 an·

477 2116 606 2200 gustias.
651 2117 690 2179 ln
713 2136 752 2177 eo
773 2136 911 2198 namque
934 2113 1105 2177 militarem
1128 2115 1259 2194 gloriam
1282 2127 1431 2181 constare

478 2219 658 2303 opinantur,
681 2217 708 2280 si
737 2214 879 2279 nitidiori
907 2214 1099 2299 splendeant
1127 2214 1250 2294 habitu,
1272 2228 1308 2281 ut
1329 2218 1431 2282 lineas

478 2342 552 2384 suas
573 2329 718 2383 vestesve
741 2318 870 2394 sericas,
893 2317 939 2381 sic
962 2317 1179 2400 perstringant
1200 2327 1233 2382 et
1254 2328 1430 2404 torqueant,

478 2433 513 2486 ut
534 2421 625 2505 quasi
648 2429 755 2484 cutem
778 2429 985 2497 cerussatam,
1006 2418 1115 2482 aliisve
1138 2416 1219 2482 tucis
1245 2419 1432 2502 obnoxiam,

479 2521 567 2585 carni
589 2522 710 2584 faciant
732 2521 901 2597 cohaerere,
925 2521 951 2583 si
974 2518 1128 2601 gradariis
1150 2521 1240 2603 equis
1270 2521 1433 2586 insideant

479 2623 618 2697 mollius,
641 2623 669 2684 si
692 2623 907 2699 calamistrati,
930 2621 1071 2684 curative
1093 2623 1194 2682 Acteo
1224 2641 1290 2682 non
1317 2621 1434 2685 cedant

481 2720 637 2804 Apollini,
659 2732 692 2782 et
722 2719 847 2781 deliciis
869 2719 933 2781 sint
953 2717 1067 2797 magis,
1089 2737 1186 2798 quam
1216 2717 1329 2783 virtute
1351 2742 1432 2805 prae·

482 2818 600 2901 signes.
644 2819 766 2881 Eorum
788 2817 816 2880 si
830 2817 910 2879 forte
931 2817 1148 2880 construxeris
1167 2818 1280 2899 aciem,
1295 2837 1431 2891 castrum

481 2918 629 2997 Thaidis,
643 2939 738 3003 quam
754 2918 949 2981 Hannibalis
964 2916 1063 2981 tutius
1078 2920 1290 3002 expugnabis.
1336 2925 1432 2998 Quis·

482 3021 554 3104 quis
576 3040 684 3084 eorum
707 3021 741 3083 in
763 3021 838 3084 aula
860 3019 1035 3105 jactantior
1056 3032 1115 3098 est,
1138 3043 1234 3104 quum
1261 3023 1302 3086 ad
1329 3028 1433 3108 praelii

481 3121 654 3185 discrimen
676 3121 850 3200 acceditur,
870 3123 1018 3185 Lacones
1040 3119 1122 3185 duce
1143 3123 1251 3204 Sanga
1270 3128 1433 3192 turmatim

480 3223 652 3305 praemittet
666 3222 708 3284 ad
722 3243 875 3304 pugnam,
886 3223 1078 3285 novissimos
1092 3224 1234 3304 praesidii
1249 3245 1346 3289 causa
1360 3231 1435 3293 sub·

484 3342 633 3405 sequens,
655 3343 728 3384 cum
757 3322 971 3385 funditoribus
1001 3322 1145 3404 aliisque,
1168 3323 1224 3407 qui
1251 3324 1284 3386 in
1310 3326 1433 3394 hostem

483 3422 549 3485 tela
568 3421 694 3485 eminus
711 3420 846 3499 mittere,
867 3443 961 3505 quam
979 3442 1108 3484 manum
1129 3444 1293 3490 conserere
1313 3430 1433 3496 volunt.

418 3527 423 3539 “
484 3523 592 3596 Quum
609 3543 681 3586 vero
697 3523 765 3587 sine
779 3523 910 3587 vnlnere
922 3535 955 3587 et
966 3522 1115 3588 cicatrice
1127 3525 1224 3610 (quod
1236 3527 1435 3612 frequentius

483 3626 600 3706 evenit)
618 3625 748 3690 domum
763 3623 909 3701 redeunt,

659 3779 735 3833 Tunc
747 3780 876 3832 exhausta
887 3786 983 3834 canunt
993 3780 1084 3853 praelia
1096 3781 1184 3835 Marte
1195 3786 1278 3852 gravi.

626 3863 685 3918 Illic
697 3865 829 3929 AEacides,
841 3864 893 3918 illic
904 3867 1028 3919 tendebat
1040 3866 1167 3920 Achilles.

663 3951 699 4003 Et
710 3951 820 4023 pingunt
831 3950 910 4003 fluido
924 3951 1053 4020 Pergama
1065 3958 1121 4006 tota
1131 3969 1210 4006 mero.

423 4149 429 4194 t
485 4103 531 4167 Et
553 4099 690 4184 quisque
719 4109 837 4162 mortes
859 4100 944 4164 mille
967 4101 1051 4165 circa
1075 4110 1218 4185 tempora
1239 4122 1298 4164 sua
1318 4124 1438 4173 errasse

423 4211 426 4216 '
486 4202 648 4284 gloriatur.
692 4200 823 4264 Exinde
843 4202 974 4281 gloriam
996 4224 1106 4266 eorum
1121 4202 1201 4264 ferre
1217 4221 1283 4263 non
1307 4208 1435 4285 poteris.

489 4304 611 4367 Fabula
648 4303 716 4366 haec
746 4303 779 4365 in
816 4324 935 4367 annum
972 4304 1184 4367 centesimum
1220 4306 1436 4384 protelabitur.

490 4403 563 4465 Filii
583 4425 709 4486 quoqne
730 4403 785 4487 qui
805 4414 979 4468 nascentur
994 4414 1027 4467 et
1047 4413 1230 4481 exsurgent,
1245 4412 1437 4476 enarrabunt
