4084 5634
701 819 800 877 56.
957 836 1095 882 scaurus
1109 835 1388 883 sannsnnnrnusrs
1509 819 1593 900 [ure.
1610 835 1656 880 vr.

705 984 770 1049 Sed
787 985 957 1068 cujuslibet
978 989 1024 1052 rei
1040 991 1274 1073 quantumlibet
1286 1001 1375 1053 recta
1394 989 1490 1054 initia
1503 1011 1567 1054 non
1582 1010 1657 1074 pro·

706 1083 834 1163 aedunt,
857 1088 1004 1152 Minerva
1032 1089 1211 1154 recedente.
1270 1089 1430 1153 Procedat
1466 1090 1527 1153 tibi
1561 1100 1660 1172 poeta

705 1187 913 1263 Mantuanus,
930 1191 997 1274 qui,
1007 1193 1068 1254 sub
1083 1191 1223 1273 imagine
1238 1191 1429 1268 fabularum,
1441 1191 1537 1255 totius
1552 1190 1659 1274 philo·

706 1287 830 1369 sophiae
850 1290 1002 1373 exprimit
1021 1292 1197 1357 veritatem.
1243 1292 1383 1356 Attende
1406 1314 1481 1375 ergo
1503 1312 1658 1355 novorum

706 1388 823 1452 civium
840 1390 1054 1474 diligentiam:

812 1552 902 1617 Qualis
913 1571 976 1627 apes
986 1560 1079 1609 testate
1090 1575 1157 1610 nova
1168 1574 1213 1630 per
1224 1558 1305 1612 florea
1316 1575 1376 1612 rura

810 1639 925 1694 Exercet
935 1642 984 1695 sub
996 1641 1058 1696 Sole
1070 1642 1151 1708 labor,
1163 1662 1242 1713 quum
1253 1646 1341 1713 gentis
1352 1643 1454 1698 adultos

811 1726 933 1779 Educunt
943 1725 1031 1792 sisois,
1043 1733 1090 1780 aut
1100 1746 1178 1798 quum
1188 1728 1316 1799 liquentia
1326 1729 1405 1782 mella

811 1810 924 1883 Stipant,
937 1818 964 1864 ct
976 1812 1044 1866 dulei
1056 1813 1208 1868 distendunt
1218 1821 1323 1870 nectare
1336 1816 1432 1870 cellam

807 1897 865 1948 Aut
875 1913 953 1948 onera
964 1898 1094 1969 accipiunt
1103 1901 1260 1966 venientum,
1272 1907 1319 1954 aut
1331 1903 1437 1970 agmine
1449 1900 1518 1954 facto

808 1981 935 2050 Ignavum
946 1982 1018 2036 sucos
1029 2002 1109 2055 pecus
1120 2004 1136 2038 a
1147 1987 1309 2058 praesepibus
1320 1993 1418 2040 arcent.

809 2068 905 2121 Fervet
916 2086 988 2138 opus,
1001 2069 1171 2141 redolentque
1183 2072 1273 2142 thymo
1284 2071 1429 2141 fragrantia
1440 2072 1528 2127 mella.

701 2224 753 2288 Ita
769 2224 862 2286 variis
882 2235 1029 2289 tenentur
1049 2228 1317 2311 occupationibus
1340 2228 1437 2304 cives,
1453 2239 1486 2291 et
1507 2226 1584 2290 dum
1604 2230 1650 2292 sic

700 2325 848 2388 coluntur
877 2326 983 2389 officia
1008 2327 1214 2409 singulorum,
1236 2337 1273 2390 ut
1300 2326 1498 2390 universitati
1527 2328 1650 2412 prospi-

700 2426 814 2504 ciatur,
843 2426 919 2490 dum
943 2427 1071 2511 justitia
1100 2427 1223 2502 colitur,
1253 2426 1334 2490 fines
1364 2427 1506 2490 omnium
1535 2429 1652 2492 mellea

699 2528 837 2594 dulcedo
860 2529 1033 2613 perfundit.
1078 2531 1295 2593 Veruntamen
1321 2528 1440 2592 nullius
1464 2530 1649 2614 reipublicae

698 2643 747 2694 est
761 2631 885 2696 diutina
900 2633 1047 2709 felicitas,
1059 2631 1123 2695 nisi
1145 2631 1344 2696 universitati
1361 2632 1536 2716 prospiciat
1549 2644 1648 2717 caput

697 2735 867 2799 incolume.
913 2734 1009 2808 Quod
1040 2735 1156 2798 sinon
1186 2755 1329 2813 noveras,
1353 2734 1403 2798 vel
1425 2733 1567 2799 Didonis
1592 2735 1648 2800 do-

697 2839 798 2901 cearis
820 2837 980 2918 exemplo.
1026 2835 1155 2912 Quanta
1183 2835 1269 2898 enim
1290 2836 1419 2900 levitate
1442 2837 1562 2901 AEneas
1591 2836 1647 2902 ad·

698 2937 843 3010 mittitur,
858 2946 1009 3016 quantam
1026 2936 1091 2998 cito
1105 2936 1229 2997 invenit
1244 2936 1375 3016 gratiam
1390 2937 1487 2999 homo
1507 2937 1647 3019 ignotus,

696 3035 784 3108 exul,
814 3034 977 3115 fugitivus,
1007 3034 1100 3117 cujus
1137 3056 1234 3099 causa
1269 3038 1378 3120 ignota
1415 3047 1474 3110 est,
1506 3059 1647 3122 persona

695 3132 873 3220 suspecta?
920 3134 1046 3208 Quanta
1082 3135 1262 3200 curiositate
1304 3149 1451 3222 exceptae
1493 3150 1568 3203 sunt
1603 3142 1644 3205 ab

694 3238 823 3303 auribus
859 3237 1040 3322 principum
1078 3238 1231 3303 fabulosae
1267 3241 1463 3306 narrationes
1493 3241 1646 3319 hominis,

693 3363 782 3404 suam
798 3341 980 3406 evacuantis
996 3342 1135 3424 culpam,
1147 3343 1305 3426 propriam
1321 3343 1645 3427 quaerentisgloriam,

693 3456 727 3506 et
755 3441 787 3503 id
817 3443 985 3525 captantis,
1006 3441 1093 3504 unde
1122 3454 1233 3526 posset
1254 3442 1433 3506 auditorum
1460 3446 1644 3508 subvertere

693 3542 840 3606 mentesl
878 3540 1070 3605 Praecedunt
1084 3563 1160 3624 ergo
1181 3542 1223 3606 ad
1242 3542 1405 3604 introitum
1421 3543 1559 3605 hominia
1579 3564 1642 3606 ser-

694 3666 804 3708 mones
828 3643 951 3718 blandi,
972 3644 1131 3707 illecebrae
1157 3643 1288 3707 laudum
1313 3642 1487 3705 conciliant
1509 3643 1641 3725 hospitii

694 3747 838 3828 gratiam,
853 3745 1033 3808 convivium
1056 3745 1235 3809 accuratius
1253 3743 1382 3807 instruit
1402 3743 1546 3806 omnium
1564 3765 1640 3827 eap-

693 3859 759 3913 tata
781 3847 944 3923 sedulitas,
966 3847 1081 3910 fabulae
1111 3857 1288 3930 sequuntur
1309 3844 1469 3920 convivia,
1490 3845 1641 3921 venandi,

692 3949 940 4033 multiplicisque
970 3949 1106 4012 luxuriae
1135 3949 1247 4012 levitas
1272 3946 1442 4010 comitatur
1470 3947 1638 4011 incestum.

691 4053 823 4118 Pariunt
852 4053 921 4115 haec
951 4051 1149 4126 incendium,
1180 4049 1412 4113 desolationem
1448 4049 1578 4122 civium,
1606 4061 1639 4113 et

688 4166 849 4239 perpetue
879 4153 1062 4217 hostilitatis
1089 4168 1262 4235 prorogant
1289 4170 1416 4213 causas.
1468 4151 1535 4214 Hie
1565 4149 1640 4215 finis

687 4258 831 4320 staminei
867 4266 900 4319 et
935 4254 1124 4319 effoeminati
1154 4251 1255 4333 regni,
1283 4249 1373 4334 quod
1410 4251 1488 4314 licet
1515 4252 1637 4316 virtutis

687 4358 832 4421 habuerit
853 4356 1108 4432 fundamentum,
1127 4351 1377 4417 succedentibus
1398 4354 1559 4438 prosperis
1576 4356 1635 4419 mi·

687 4459 773 4522 nime
795 4459 901 4541 potuit
924 4457 1065 4522 invenire
1085 4475 1281 4539 processum.
1326 4454 1453 4519 Leviter
1475 4456 1635 4522 admissus
