4084 5634
465 873 535 919 car.
552 842 635 937 xva]
811 851 1064 919 boarcasrrcns.
1358 835 1420 916 30'7

467 1022 579 1098 Jacob,
601 1036 633 1087 et
659 1023 704 1087 eis
730 1036 785 1088 aut
811 1045 874 1087 non
900 1046 988 1098 usus,
1014 1036 1071 1088 aut
1096 1022 1225 1086 morem
1253 1019 1419 1084 suavitatis

467 1120 591 1188 dedisse
613 1125 782 1210 patrinos
805 1123 955 1189 scribitur
978 1127 1075 1190 Esau.
1122 1123 1203 1187 Nam
1226 1121 1304 1186 dum
1327 1121 1418 1184 bonis

465 1224 610 1290 abutitur
638 1226 793 1301 sensibus,
818 1225 950 1310 integris
979 1239 1092 1311 gratus
1121 1248 1188 1290 esse
1213 1246 1274 1288 non
1302 1235 1417 1304 potest.

466 1328 555 1410 Ergo
570 1349 651 1392 vana
674 1329 828 1392 bonorum
853 1328 971 1413 species
987 1350 1044 1390 nec
1065 1327 1168 1401 satiat,
1185 1348 1241 1389 nec
1263 1324 1416 1398 laetificat,

465 1447 522 1490 nec
549 1428 673 1509 liberat,
696 1448 753 1491 nec
777 1427 907 1491 exaltat.
945 1430 1045 1491 Porro
1069 1426 1221 1490 adversus
1242 1425 1417 1500 luxuriam,

465 1529 643 1604 avaritiam,
659 1528 879 1607 cenodoxiam,
895 1528 1042 1612 quadam
1060 1526 1205 1613 superius
1220 1526 1306 1590 dicta
1321 1536 1414 1588 sunt:

465 1627 578 1695 virium
589 1629 748 1695 affectatio
759 1627 1418 1714 quodammodohactenusmansitintacta,

465 1752 536 1814 quae
552 1729 610 1793 etsi
626 1728 782 1794 libertatis
796 1742 827 1793 et
843 1729 1040 1794 celsitudinis
1061 1728 1206 1794 viduatur
1221 1727 1333 1792 afferre
1350 1725 1416 1788 suf-

464 1829 614 1913 fragium,
642 1853 661 1893 a
689 1832 821 1895 veritate
850 1829 1018 1917 utriusque
1050 1830 1257 1914 perniciosius
1284 1827 1416 1892 abducit

463 1943 631 1994 errantem.
660 1933 743 1995 Hoec
754 1945 801 1997 est
813 1932 895 1996 enlm
907 1955 981 2018 quae
990 1931 1282 2018 perniciosissimam
1294 1929 1417 1994 inducit

464 2045 595 2114 pestem,
622 2045 655 2097 et
680 2034 858 2120 tyrannidis
883 2057 1057 2119 procurans
1085 2048 1204 2114 ortum,
1230 2052 1415 2120 compagem

464 2129 581 2215 quietis
597 2146 628 2197 et
643 2137 741 2219 pacis,
754 2156 818 2220 qua
833 2133 909 2198 nibil
927 2135 1086 2201 salubrius
1101 2153 1158 2209 est,
1171 2134 1302 2199 molitur
1312 2134 1418 2200 extin-

464 2253 572 2314 guere.
610 2233 775 2321 Siquidem
799 2235 868 2300 baec
889 2234 1022 2301 flumina
1044 2237 1205 2302 caritatem
1225 2235 1418 2318 extinguunt

464 2330 524 2411 his,
539 2333 657 2418 quibus
672 2333 738 2398 vita
752 2349 899 2418 negatur.
941 2338 979 2400 In
1004 2338 1053 2402 bis
1069 2337 1226 2403 Tantalus
1247 2337 1415 2402 laboratio

464 2434 580 2498 fabulis
601 2437 682 2500 citra
702 2437 890 2516 satietatem,
903 2451 935 2502 et
956 2460 1059 2501 sermo
1075 2439 1281 2525 propheticus
1300 2436 1418 2522 degen-

465 2536 547 2598 tium
568 2538 601 2599 in
624 2535 673 2599 his
695 2535 787 2623 aquis
808 2537 952 2623 increpat
973 2538 1068 2604 sitim.
1107 2539 1257 2604 Sitientes
1277 2562 1353 2624 ergo
1375 2538 1417 2602 ad

464 2657 564 2719 aquas
579 2634 692 2701 invitat
714 2638 884 2722 appositas,
901 2662 974 2725 quoe
995 2662 1014 2703 a
1029 2639 1142 2726 spiritu
1166 2638 1332 2726 profluunt
1347 2639 1418 2704 abs-

467 2758 531 2822 que
552 2737 809 2819 commutatione,
823 2743 924 2825 gratis
942 2754 1161 2824 accepturosa
1180 2742 1284 2827 gratia
1306 2743 1415 2806 vinum

465 2849 498 2902 et
525 2838 581 2902 lac.
614 2839 731 2920 Quare,
751 2840 869 2926 inquit,
892 2842 1074 2928 appenditis
1099 2856 1266 2928 argentum
1294 2864 1355 2906 non
1384 2843 1417 2907 in

465 2938 619 3024 panibus;
645 2951 677 3004 et
694 2940 831 3004 laborem
848 2956 987 3007 rastrum
1004 2964 1065 3008 nou
1082 2944 1114 3007 iu
1130 2943 1319 3008 saturitate?
1346 2946 1416 3007 Au-

464 3039 531 3104 dite
546 3039 712 3105 audientes
726 3064 786 3118 me,
798 3054 830 3105 et
845 3042 1001 3107 comedite
1016 3044 1147 3124 bonum,
1161 3057 1193 3109 et
1206 3042 1418 3108 delectabitur

464 3145 496 3206 in
512 3143 720 3207 crassitudine
739 3143 844 3208 anima
865 3158 980 3209 vestra.
1026 3146 1098 3208 Non
1122 3145 1235 3232 utique
1249 3146 1280 3209 in
1301 3144 1366 3222 illa,
1382 3145 1415 3208 in

466 3265 531 3328 qua
556 3243 795 3308 delectationem
824 3267 886 3309 non
913 3245 1009 3310 babet
1035 3248 1151 3322 anima,
1176 3247 1230 3310 sed
1257 3269 1348 3320 car0;
1383 3245 1416 3308 in

465 3342 520 3405 illa
540 3343 573 3406 in
595 3363 660 3428 qua
681 3345 890 3411 recalcitravit
912 3347 1060 3429 dilectus,
1079 3349 1280 3425 incrassatus,
1301 3348 1416 3434 impin·

464 3456 593 3528 gustus,
608 3443 772 3522 dilatatus,
788 3447 841 3512 sed
866 3449 979 3536 inqua
1000 3450 1198 3514 benedicitur
1219 3449 1314 3525 lilius,
1332 3462 1368 3514 ut
1383 3451 1416 3513 itt

464 3566 535 3608 rore
544 3549 803 3630 supervenientes
812 3550 935 3632 gratiae,
945 3565 977 3616 et
988 3551 1181 3636 pinguedine
1192 3550 1281 3616 liberi
1293 3549 1417 3615 arbitrii

465 3643 662 3709 voluntatem
677 3647 738 3710 Dei
750 3649 925 3733 prudenter
937 3649 1106 3736 intelligat,
1118 3664 1265 3738 potenter
1276 3649 1417 3736 impleat,

464 3750 576 3810 toleret
591 3746 759 3832 patienter.
800 3749 862 3814 Hae
877 3750 987 3837 itaque
1008 3751 1244 3839 impinguantes
1259 3765 1291 3817 et
1306 3751 1418 3821 dulcet

463 3869 557 3933 aquoe
576 3862 662 3925 sunt,
678 3864 710 3913 et
732 3874 805 3938 quae
827 3852 904 3915 alias
926 3875 1035 3917 omnes
1057 3867 1247 3938 temperant,
1271 3853 1347 3939 quia
1368 3853 1418 3917 bis

464 3949 653 4035 salsuginem
674 3973 781 4014 earum
798 3952 964 4017 absorbuit
986 3953 1108 4036 lignum
1129 3955 1242 4031 crucis,
1258 3967 1290 4019 et
1308 3955 1418 4019 dulco-¹

465 4051 547 4115 ravit
572 4074 636 4129 eas,
663 4066 695 4115 et
721 4053 883 4138 sapientise
908 4053 1045 4119 coelestis
1074 4055 1202 4132 infusio,
1228 4055 1352 4120 easdem
1384 4056 1415 4120 in

466 4155 598 4216 salutem
620 4151 794 4216 animarum
818 4167 849 4218 et
870 4156 1050 4219 satietatem
1072 4156 1146 4221 fecit
1162 4179 1229 4221 esse
1251 4157 1417 4241 potabiles.

467 4251 530 4313 Hae
545 4273 676 4337 quoque
700 4253 846 4334 liberant,
863 4254 961 4319 totius
982 4255 1161 4342 tyrannidis
1180 4259 1341 4321 incursum
1358 4259 1417 4322 im·

467 4351 612 4437 pediunt,
626 4368 684 4419 aut
705 4370 867 4442 premunt,
882 4371 935 4422 aut
951 4358 1101 4444 puniunt.
1147 4363 1221 4424 Non
1236 4382 1313 4446 argo
1329 4382 1418 4424 vania

467 4453 561 4532 vires,
570 4453 623 4516 sed
640 4456 753 4520 veritas
764 4456 877 4523 liberat
892 4458 1091 4545 inaequitate
1105 4464 1289 4539 consistens,
1302 4477 1333 4527 et
1345 4462 1418 4529 licet

913 4567 971 4623 aa
