4084 5634
544 793 609 852 aot
796 808 935 853 ruamus
949 809 1232 855 mamacarsssrs
1333 795 1415 873 [cru.
1432 813 1507 861 vui.

544 955 716 1020 liberorum
739 957 809 1041 ipse
829 958 1030 1022 concederet.
1068 960 1169 1026 Sciret
1190 962 1292 1047 igitur
1314 962 1439 1036 civitas,
1456 987 1507 1027 so·

543 1056 647 1122 hoino
670 1058 756 1144 regis
777 1082 850 1124 cam
872 1074 965 1146 patre
986 1060 1186 1125 concordem.
1232 1067 1305 1128 Hoc
1325 1080 1507 1129 commento

542 1177 630 1241 spara
652 1156 796 1223 detraxit
817 1158 1045 1226 insidiantibus
1069 1162 1270 1245 regnantium
1295 1164 1408 1249 quieti.
1450 1167 1504 1229 Ita

541 1259 574 1320 in
588 1259 676 1322 omni
691 1283 809 1344 genere
823 1262 911 1338 vitae,
922 1263 1149 1350 precipueque
1162 1266 1194 1327 in
1210 1264 1321 1330 laetitia
1332 1267 1504 1344 convivali,

541 1379 635 1421 omne
657 1362 749 1446 quod
771 1363 901 1428 videtur
924 1364 1093 1437 absonum,
1119 1364 1152 1428 in
1179 1388 1273 1429 uuam
1300 1366 1501 1430 oencordiam

542 1459 624 1536 toni,
638 1462 729 1528 aalra
742 1465 933 1547 innocentia,
942 1465 1151 1552 redigendum
1163 1481 1222 1532 ast
1256 1468 1307 1531 Sic
1321 1469 1504 1554 Agathonis

541 1565 743 1646 convivium,
772 1569 850 1656 quia
882 1573 1043 1644 Socratas,
1072 1569 1237 1650 Phredroa‚
1265 1572 1439 1636 Pausanias
1471 1587 1503 1637 et

543 1668 762 1737 Horisimacos
781 1672 907 1748 hahuit,
925 1674 1059 1737 verbum
1079 1672 1204 1737 nullum
1225 1672 1284 1736 uisi
1308 1673 1504 1760 philosophi-

542 1788 616 1831 cum
630 1773 737 1836 sensit
769 1778 814 1839 At
830 1796 905 1837 rero
920 1773 1061 1854 Alcinoi,
1072 1773 1122 1836 rel
1135 1773 1272 1839 Didonis
1283 1795 1402 1850 mensa,
1412 1775 1503 1860 quasi

542 1868 621 1935 salis
635 1887 713 1957 apta
728 1874 858 1951 delitiis,
870 1873 984 1940 hahuit
998 1875 1050 1939 hic
1066 1879 1189 1962 lopam,
1201 1875 1257 1939 illa
1269 1875 1503 1962 Polyphemum

543 1970 669 2037 cithara
683 1991 841 2042 macutes.
879 1981 948 2042 Nee
967 1977 1098 2042 deerant
1113 1977 1200 2064 apud
1219 1976 1388 2042 Alcinoum
1410 1977 1505 2043 salta-

544 2085 631 2138 tores
642 2078 716 2155 viri,
725 2093 757 2142 et
767 2079 855 2165 apud
869 2079 1026 2143 Didonem
1037 2079 1142 2143 Bitias
1154 2079 1197 2142 sic
1209 2078 1359 2142 hauriens
1370 2103 1503 2160 merum,

544 2187 742 2243 utsetotum
755 2178 919 2265 superflua
929 2179 1169 2262 ejusinsusione
1180 2178 1351 2264 prolueret.
1388 2182 1502 2243 Nonne

544 2275 646 2364 siquis
665 2295 724 2346 aut
742 2281 825 2346 inter
841 2282 1003 2355 Phaeacas,
1018 2295 1076 2345 aut
1095 2278 1182 2367 apud
1199 2281 1327 2358 Poenos,
1342 2303 1502 2344 sermones

543 2378 586 2444 de
607 2383 765 2467 sapientia
789 2398 907 2458 erutos,
930 2382 1149 2448 convivalibus
1170 2380 1290 2447 fabulis
1313 2382 1502 2463 miscuisset,

542 2495 576 2546 et
587 2485 723 2568 gratiam
735 2484 798 2550 illis
808 2486 945 2551 coetibus
955 2485 1086 2550 amicam
1099 2484 1257 2572 perderet,
1268 2495 1301 2548 et
1313 2483 1344 2548 in
1358 2506 1390 2548 se
1402 2484 1498 2547 risum

544 2584 640 2670 plane
654 2588 781 2672 justum
805 2588 967 2652 moveret?
996 2591 1086 2672 Ergo
1105 2587 1208 2674 prima
1230 2587 1299 2673 ejus
1321 2586 1501 2651 observatio

543 2686 605 2752 erit
620 2691 777 2755 aestimare
791 2689 949 2755 convivas.
987 2689 1112 2753 Deinde
1129 2688 1182 2753 ubi
1199 2689 1259 2753 sibi
1275 2702 1383 2775 patere
1397 2688 1500 2753 locum

544 2788 674 2869 viderit,
694 2815 757 2857 non
780 2791 919 2877 deipsis
941 2789 1171 2878 profunditatis
1193 2813 1260 2854 suoe
1282 2794 1365 2856 inter
1386 2789 1501 2876 pocula

544 2892 675 2957 secretis
699 2893 861 2979 loquetur,
883 2914 941 2956 uec
963 2889 1099 2955 nodosas
1121 2903 1153 2955 et
1178 2890 1300 2966 anxias,
1324 2889 1380 2954 sed
1407 2889 1500 2952 utiles

543 2991 689 3078 quidem,
715 2994 823 3059 faciles
853 3007 969 3069 tamen,
997 2993 1136 3058 movebit
1166 2991 1369 3079 quaeationes.
1416 2994 1498 3054 Nam

544 3092 629 3159 sicut
653 3095 737 3161 inter
761 3096 843 3171 illos,
868 3096 926 3183 qui
952 3095 1012 3160 hoc
1035 3094 1177 3158 exercitii
1201 3113 1303 3179 genus
1327 3091 1445 3156 habent
1468 3090 1499 3153 in

544 3195 658 3262 mediis
673 3196 788 3265 saltare
800 3198 965 3275 conviviis,
978 3197 1003 3263 si
1018 3195 1091 3283 quis
1107 3209 1143 3260 ut
1153 3218 1186 3261 se
1197 3193 1335 3282 amplius
1347 3204 1501 3274 exerceat,

544 3297 669 3366 sodales
686 3299 734 3367 vel
751 3299 791 3368 ad
807 3323 950 3379 currum,
965 3298 1015 3365 vel
1031 3297 1070 3363 ad
1088 3297 1282 3386 pugillatum
1299 3295 1501 3375 lacessiverit,

545 3402 637 3487 quasi
660 3403 789 3493 ineptiis
811 3403 1006 3491 relegabitur
1024 3400 1065 3468 ab
1088 3400 1251 3465 alacritate
1273 3397 1428 3463 convivii:
1457 3397 1500 3461 sic

543 3501 632 3586 apud
664 3526 802 3569 mensam
833 3503 1028 3590 quandoque
1057 3498 1346 3589 philosophandum
1376 3511 1435 3572 est,
1463 3508 1499 3558 ut

543 3602 658 3664 crateri
674 3601 805 3687 liquoris
819 3603 860 3667 ad
877 3603 1019 3666 loetitiam
1036 3603 1103 3665 nati
1122 3600 1314 3664 adhibeatur
1327 3618 1390 3661 oon
1406 3595 1500 3658 modo

546 3701 783 3788 Nymphamm‚
791 3702 846 3766 sed
856 3705 1025 3766 Musarum
1037 3723 1165 3785 quoque
1174 3697 1370 3762 admixtione
1380 3708 1499 3782 tempe·

544 3801 615 3868 ries.
654 3805 738 3867 Nam
753 3801 792 3878 si,
807 3813 843 3865 ut
861 3799 954 3864 lateri
970 3821 1094 3863 necesse
1109 3811 1168 3876 est,
1185 3797 1217 3861 iu
1239 3796 1324 3861 omni
1340 3810 1498 3861 conventu

544 3919 602 3970 aut
617 3902 785 3969 tacendum
802 3917 861 3980 est,
873 3915 930 3967 aut
945 3900 1163 3988 loquendum
1194 3921 1390 3986 quaeramus,
1406 3899 1498 3963 silen-

545 4009 668 4074 tiumne
682 4005 847 4084 conviviis,
862 4028 901 4070 an
917 4020 1118 4092 opportunus
1133 4026 1235 4068 sermo
1249 4005 1428 4067 conveniat.
1466 4005 1501 4068 si

544 4113 640 4187 caim,
656 4122 693 4173 ut
710 4107 797 4194 apud
815 4109 960 4173 Athenas
978 4109 1105 4173 Atticas
1130 4105 1336 4193 Areopagitae
1359 4118 1498 4170 tacentes

540 4210 700 4302 judicant,
715 4210 760 4274 ita
775 4210 857 4275 iuter
872 4209 984 4297 epulas
997 4222 1124 4297 oportet
1141 4209 1223 4273 sileri
1236 4233 1244 4282 3
1273 4231 1335 4271 nou
1350 4221 1398 4272 est
1414 4205 1500 4272 ultra

544 4312 755 4403 qurereudum
777 4313 861 4378 inter
875 4334 998 4377 mensas
1013 4310 1305 4399 philosophandum
1321 4308 1374 4386 sit,
1392 4333 1499 4374 necne.

545 4416 670 4486 sivero
684 4438 747 4483 non
765 4428 859 4481 eruut
875 4426 964 4481 muta
984 4414 1142 4491 couviria,
1157 4437 1214 4478 cur
1232 4413 1286 4478 ubi
1310 4436 1413 4479 sermo
1428 4435 1500 4499 per-
