4084 5634
847 297 854 305 ,
1091 351 1764 853 mm

539 939 609 984 oar.
625 917 685 997 ra]
882 931 1137 979 maronianus.
1443 908 1479 971 91

539 1163 619 1244 Cap.
642 1166 673 1225 t.
714 1159 806 1225 Unde
831 1159 964 1221 dantur
988 1158 1219 1239 philosophia.-
1250 1156 1348 1218 etde
1375 1155 1485 1218 &aaa

580 1264 780 1346 Pythagora,
804 1269 836 1323 et
863 1260 1013 1322 doctriua
1038 1259 1119 1340 ιῃίιε,
1144 1260 1200 1341 qui
1225 1257 1353 1322 laticis
1378 1258 1484 1338 pltilo·

579 1363 740 1445 soplrcnds'
754 1367 869 1424 auctor
882 1361 1006 1423 extitit.

581 1499 689 1560 lesura
725 1515 800 1559 vero
836 1493 1050 1586 pphilosohiae
1068 1513 1269 1585 „Qa
1304 1491 1487 1574 Pythagora

540 1599 654 1663 Italico
683 1597 852 1660 inventurn
881 1603 940 1668 est,
970 1593 1027 1677 qui
1063 1605 1160 1657 tantae
1196 1592 1257 1655 fuit
1291 1593 1487 1657 auctoritatis

539 1701 626 1784 apud
648 1699 808 1781 antiquos,
829 1704 866 1758 ut
894 1693 1104 1778 praejudiciali
1130 1693 1294 1776 opinione,
1315 1693 1487 1757 sententias

539 1803 681 1866 omniurn
704 1809 877 1881 superaret,
894 1806 1042 1879 essetque
1063 1795 1140 1858 satis
1161 1795 1202 1858 ad
1221 1795 1398 1880 quamlibet
1416 1814 1489 1857 sen·

540 1902 672 1965 tendam
694 1897 918 1975 roborandam,
939 1897 967 1960 si
989 1897 1051 1960 hoc
1073 1896 1144 2010 ipse
1167 1895 1288 1960 dixisse
1310 1896 1487 1960 doceretur.

541 2005 619 2084 Ipsa
641 2020 778 2082 namque
799 2019 862 2061 vox
884 1998 1096 2082 pronominis,
1114 2011 1316 2083 usurpatione
1338 1996 1488 2082 quadarn,

541 2103 663 2187 proprii
685 2099 826 2164 nominis
847 2101 1000 2183 explebat
1021 2099 1172 2163 officium.
1217 2101 1291 2164 Fuit
1309 2109 1415 2164 autem
1436 2099 1489 2162 hic

541 2205 671 2270 natione
686 2202 824 2279 Samius,
838 2202 1043 2284 negotiatoris
1063 2201 1172 2265 divitis
1193 2202 1289 2280 filius,
1305 2202 1358 2265 cui
1372 2221 1489 2264 nomen

542 2307 686 2368 Maratus
701 2315 785 2367 erat:
810 2302 868 2366 sed
887 2313 1019 2386 parente
1034 2303 1130 2385 longe
1146 2302 1242 2366 ditior
1256 2314 1333 2380 erat,
1347 2324 1387 2366 eo
1402 2299 1490 2386 quod

541 2405 716 2488 negotiatio
744 2403 846 2486 patris
872 2411 961 2465 tanta
989 2403 1134 2485 nequivit
1169 2405 1342 2486 acquirere,
1372 2414 1491 2487 quanta

542 2507 627 2570 filius
663 2515 868 2569 contemnere
900 2503 1024 2580 maluit,
1054 2525 1150 2587 quam
1178 2504 1305 2569 habere.
1361 2503 1492 2586 Magnis

542 2607 647 2687 itaque
683 2603 849 2686 sapientiae
884 2603 1037 2664 formatus
1069 2603 1286 2678 incrementis,
1315 2605 1491 2683 AEgyptum

544 2704 657 2786 primo,
678 2723 757 2764 mox
783 2703 1009 2784 Babyloniam,
1030 2700 1071 2764 ad
1097 2701 1325 2784 perdiscendos
1354 2701 1494 2764 siderum

544 2816 660 2877 motus,
685 2802 903 2884 originemque
933 2800 1046 2864 mundi
1076 2801 1295 2882 spectandam,
1320 2803 1492 2886 profectus,

544 2926 700 2970 summam
716 2905 882 2968 scientiam
903 2914 1096 2967 consecutus
1114 2915 1190 2968 erat
1237 2905 1318 2970 Inde
1332 2926 1493 2988 regressus

544 3009 670 3072 Cretam
695 3017 728 3070 et
753 3005 998 3083 Lacedoemoua,
1024 3005 1066 3068 ad
1095 3006 1339 3087 cognoscendas
1368 3007 1494 3072 Minois

543 3122 575 3172 et
591 3108 729 3192 Lycurgi
747 3108 884 3188 inclytas
898 3128 938 3170 ea
952 3117 1143 3190 tempestate
1159 3109 1258 3190 leges,
1274 3108 1492 3173 contenderat.

545 3211 671 3282 Quibus
691 3210 841 3272 omnibus
861 3210 1046 3285 instructus,
1061 3209 1102 3271 ad
1118 3210 1363 3275 Crotonicorum
1381 3212 1491 3273 urbem

545 3310 700 3392 applicuit
721 3309 852 3371 omnino
875 3309 1059 3386 resolutam,
1080 3320 1112 3372 et
1134 3312 1232 3373 solius
1251 3312 1375 3373 virtutis
1398 3331 1495 3393 opera

545 3410 751 3489 indigentem.
798 3408 946 3470 Fortunae
965 3407 1127 3489 siquidem
1143 3409 1346 3491 indignantes
1361 3409 1495 3474 oderant

546 3532 730 3593 armaque
752 3510 905 3573 adversus
925 3509 1105 3573 Locrenses
1122 3511 1290 3575 infeliciter
1306 3521 1495 3592 sumserunt,

546 3622 783 3696 mutassentque
813 3610 908 3675 vitam
944 3611 1083 3689 luxuria,
1112 3612 1172 3676 nisi
1211 3613 1258 3677 eis
1295 3613 1495 3698 Pythagoras

548 3714 763 3797 Philosophus
792 3712 976 3776 obstitisset·
1033 3712 1089 3775 Ex
1119 3735 1184 3797 quo
1212 3727 1312 3798 patet,
1340 3726 1494 3800 quantum

546 3818 643 3880 homo
652 3824 782 3899 praestet
796 3813 930 3892 homini,
940 3834 1039 3896 quum
1051 3816 1146 3878 unius
1157 3838 1303 3899 personae
1314 3818 1495 3894 auctoritas,

541 3918 609 4002 jam
623 3918 751 3998 lapsum
771 3915 813 3978 ad
834 3916 954 3997 frugem
976 3916 1215 3996 melienorum,
1230 3919 1424 3982 revocaverit
1438 3937 1496 3998 po·

546 4018 667 4100 pulum.
718 4016 887 4079 Laudabat
912 4036 987 4095 ergo
1015 4016 1161 4078 virtutem
1188 4018 1342 4100 quotidie,
1364 4030 1398 4079 et
1420 4016 1497 4078 vitia

546 4118 682 4180 luxuriae
708 4115 903 4192 denudabat,
929 4125 962 4176 et
988 4135 1120 4178 casuum
1149 4116 1272 4179 urbium
1303 4114 1496 4197 perditarum

547 4217 741 4280 enunciabat
763 4237 886 4279 causas.
930 4215 1071 4279 Tantum
1094 4236 1222 4298 quoque
1248 4214 1345 4278 studii
1367 4215 1408 4277 ad
1434 4216 1497 4280 fru-

549 4319 708 4397 galitatem
728 4317 943 4380 multitudinis
963 4318 1170 4399 provocabat,
1186 4328 1221 4378 ut
1238 4315 1365 4398 aliquos
1384 4338 1425 4380 ex
1446 4318 1498 4383 his

548 4415 727 4479 luxuriatos
750 4437 820 4479 esse
842 4416 1033 4480 incredibile
1055 4413 1222 4478 videretur.
1277 4417 1497 4484 Matronarum

551 4535 626 4577 vero
653 4530 831 4596 separatam
861 4538 881 4578 a
905 4515 981 4577 viris
1011 4514 1200 4592 doctrinam,
1226 4532 1259 4579 et
1286 4538 1455 4600 puerorum
1478 4545 1498 4587 a
