4084 5634
539 895 611 941 car.
626 873 757 954 aaran]
885 885 1139 933 marcuarrcus
1448 869 1490 928 tn

541 1047 575 1111 id
603 1057 651 1111 eat
678 1041 930 1116 secundariae,
954 1052 986 1103 et
1014 1036 1192 1122 prudentias
1222 1035 1490 1113 fortunatissimae,

542 1148 617 1226 sitit,
637 1156 670 1211 et
695 1145 802 1210 esurit.
848 1144 976 1226 Quippe
999 1161 1065 1203 non
1088 1138 1240 1220 intelligit
1261 1157 1351 1222 arque
1375 1136 1490 1201 divites

542 1249 678 1332 spectari
707 1248 821 1322 solere,
844 1255 880 1308 ut
903 1264 1003 1329 equos
1032 1261 1218 1306 mercamur.
1261 1241 1377 1324 Neque
1403 1240 1491 1302 enim

542 1351 575 1412 in
590 1348 736 1413 emendis
745 1348 895 1433 phalerae
909 1343 1156 1420 consideramus,
1165 1352 1199 1405 et
1208 1342 1328 1405 balthei
1338 1341 1493 1425 polimina

542 1451 743 1536 inspicimus,
771 1459 804 1512 et
836 1446 1048 1512 omatissimoe
1084 1444 1218 1508 cervicis
1254 1442 1380 1506 divitias
1417 1462 1494 1506 con·

544 1554 745 1636 templamur.
790 1551 825 1614 Si
848 1570 891 1612 ex
906 1567 994 1624 auro,
1008 1558 1042 1609 et
1062 1555 1204 1625 argento,
1220 1554 1253 1607 et
1269 1541 1414 1626 gemmis,
1426 1564 1495 1606 mo·

545 1652 625 1716 nilia
639 1651 733 1716 t'ariae
749 1671 838 1731 gaza>
853 1644 1051 1732 dependent,
1066 1646 1093 1708 si
1107 1646 1205 1727 plena
1219 1643 1296 1707 artis
1310 1655 1496 1708 ornamenta

550 1753 649 1836 capiti
678 1765 711 1815 et
747 1750 832 1814 collo
869 1743 1110 1827 circumjacent,
1138 1744 1166 1807 si
1195 1743 1284 1806 frena
1317 1744 1439 1821 calata,
1467 1743 1495 1807 si

547 1855 703 1939 ephippia
736 1852 854 1927 fucata,
884 1849 911 1911 si
941 1847 1069 1928 cingula
1093 1855 1203 1909 aurata
1233 1856 1323 1909 sunt:
1369 1846 1396 1909 si
1425 1841 1497 1907 istis

549 1954 698 2018 omnibus
728 1951 853 2015 exuviis
882 1948 1019 2014 amolitis
1041 1960 1074 2011 et
1102 1948 1227 2022 amotis,
1249 1968 1365 2032 equum
1390 1948 1498 2031 ipsum

550 2052 683 2131 nudum,
699 2062 732 2115 et
746 2051 848 2114 solum
864 2069 981 2133 corpus
1001 2047 1071 2132 ejus
1086 2058 1119 2111 et
1139 2047 1281 2112 animum
1301 2047 1497 2131 contempla-

552 2175 644 2230 mur;
681 2166 716 2216 ut
745 2153 786 2216 sit
814 2152 854 2216 ad
889 2151 1030 2235 speciem
1067 2150 1230 2227 honestus,
1258 2149 1300 2213 ad
1336 2168 1498 2214 cursuram

552 2264 691 2338 vegetus,
716 2251 813 2317 etad
838 2264 998 2318 recturam
1025 2250 1159 2315 validus.
1203 2252 1277 2316 Jam
1303 2252 1441 2335 primum
1465 2251 1500 2313 in

553 2377 683 2440 corpore
699 2357 727 2418 si
743 2356 784 2418 sit

653 2479 836 2546 Argutumque
847 2484 932 2549 eaput,
943 2477 1030 2530 brevis
1042 2475 1124 2539 alvus,
1136 2475 1267 2544 obesaque
1279 2483 1364 2545 terga,

658 2562 838 2630 Luxuriatque
849 2562 913 2613 toris
925 2561 1071 2612 animosum
1082 2565 1175 2629 pectus
1185 2558 1311 2612 honestis.

554 2674 711 2736 Praeterea
732 2673 761 2735 si
782 2672 903 2756 duplex
924 2673 1028 2753 agitur
1049 2693 1106 2754 per
1127 2673 1255 2735 lumbos
1274 2673 1377 2756 spina·
1421 2676 1505 2740 Volo

555 2773 713 2836 enimvero
741 2791 807 2833 non
836 2771 934 2834 modo
964 2771 1146 2856 perniciter,
1173 2792 1280 2834 rerum
1310 2772 1406 2837 etiam
1435 2796 1506 2859 per-

555 2876 694 2939 molliter
717 2875 877 2958 pervehat.
922 2874 1075 2938 Similiter
1095 2875 1190 2958 igitur
1211 2885 1243 2939 et
1264 2875 1298 2939 in
1321 2876 1506 2945 hominibus

556 2976 813 3060 contemplandis
833 2976 899 3039 noli
925 2976 981 3039 illa
1006 2976 1112 3039 aliena
1130 2977 1297 3057 mamare,
1318 2980 1374 3044 sed
1399 2981 1505 3065 ipsum

554 3080 714 3142 hominem
739 3079 869 3162 penitus
891 3076 1076 3143 considera:
1111 3077 1230 3162 ipsum,
1251 3091 1288 3143 ut
1312 3103 1420 3146 meum
1446 3085 1505 3148 So·
1568 3079 1577 3091 “

556 3192 674 3244 cratem
689 3200 873 3263 pauperem,
888 3191 1032 3263 expecta.
1078 3179 1194 3243 Aliena
1208 3191 1313 3244 autem
1329 3204 1423 3262 roco,
1434 3207 1505 3268 quae

558 3291 708 3363 parentes
743 3289 948 3362 pepererunt,
977 3289 1010 3341 et
1039 3300 1111 3360 quae
1148 3280 1274 3343 fortuna
1308 3282 1422 3363 largita
1450 3295 1508 3361 est,

560 3399 695 3462 quorum
720 3378 804 3440 nihil
822 3377 973 3440 laudibus
987 3377 1131 3440 Socratis
1147 3380 1210 3441 mei
1230 3378 1407 3445 admisceo:
1439 3385 1510 3448 nul·

559 3482 623 3544 lam
645 3479 900 3563 generositatem,
916 3479 1038 3541 nullam
1059 3480 1252 3563 prosapiam,
1270 3484 1375 3547 nullos
1393 3487 1509 3567 longos

558 3581 692 3655 natales,
703 3580 809 3642 nullas
824 3578 999 3642 invidiosas
1015 3578 1152 3644 divitias.
1191 3583 1274 3648 Haec
1286 3586 1369 3648 enim
1382 3599 1508 3665 cuncta,

560 3696 594 3748 ut
609 3684 694 3760 dico,
708 3682 814 3745 aliena
834 3693 917 3744 sunt.
963 3681 1041 3744 Sata
1055 3681 1249 3746 Protheonio
1265 3686 1436 3768 gloriaest,
1451 3691 1509 3775 qui

560 3784 633 3847 talis
648 3782 720 3856 fuit,
736 3794 771 3845 ut
785 3782 855 3865 ejus
869 3794 1018 3864 nepotem
1032 3803 1098 3845 non
1113 3782 1257 3866 puderet.
1300 3787 1389 3870 Ergo
1404 3791 1512 3854 omnia

561 3884 707 3948 similiter
735 3883 841 3946 aliena
871 3904 1019 3948 numeres
1048 3884 1166 3948 licebit
1225 3887 1408 3954 Generosus
1438 3889 1510 3955 est?

562 3995 712 4069 parentes
739 3982 863 4046 laudae.
908 3983 1010 4046 Dives
1039 3982 1112 4046 est?
1146 4007 1210 4049 non
1241 3988 1337 4052 credo
1368 3992 1511 4054 sonuum.

563 4085 671 4167 Magis
685 4085 748 4147 ista
762 4083 937 4147 dinumero.
995 4085 1130 4148 Validus
1144 4086 1216 4150 est?
1240 4089 1426 4171 egritudine
1443 4091 1514 4154 sati·

564 4187 697 4268 gabitur.
743 4186 864 4249 Pemix
893 4185 964 4248 est?
997 4186 1099 4250 abibit
1127 4187 1161 4250 in
1187 4202 1392 4254 senectutem.
1438 4193 1513 4256 For·
1610 4244 1615 4261 .

564 4309 673 4351 mosas
687 4285 759 4351 esti
783 4296 923 4371 expecta
944 4288 1107 4370 paulisper
1122 4298 1155 4350 et
1172 4310 1238 4351 non
1259 4290 1326 4352 erit.
1371 4293 1414 4356 At
1428 4295 1512 4360 enim

566 4389 661 4451 bonis
689 4389 809 4452 artibus
839 4388 965 4466 doctus,
995 4400 1029 4452 et
1057 4388 1199 4472 apprime
1229 4403 1277 4454 est
1307 4393 1457 4472 eruditus,
1482 4412 1515 4464 et

568 4500 720 4574 quantum
750 4490 827 4553 licet
855 4489 988 4566 homini,
1013 4489 1141 4572 sapiens
1172 4500 1204 4553 et
1233 4492 1308 4556 boni
1338 4501 1513 4565 consultus.
