4084 5634
609 814 649 873 86
871 823 1010 868 scaurus
1026 821 1309 870 saansnnruansm
1424 806 1508 886 [nra.
1523 824 1568 868 vr.

609 980 755 1054 sustinet,
767 996 861 1059 quem
878 976 1049 1039 continuus
1058 997 1124 1038 non
1136 977 1282 1041 exercuit
1295 979 1396 1041 labor.
1422 975 1560 1040 Caesaris

608 1081 751 1146 animum
766 1076 888 1139 fiducia
907 1076 1079 1153 roboravit,
1094 1075 1182 1160 quod
1197 1077 1227 1142 ei
1248 1099 1299 1142 res
1320 1088 1389 1143 erat
1409 1077 1562 1141 aduersus

607 1177 740 1244 militem
764 1177 918 1254 subitum,
933 1175 1116 1261 ducemque
1136 1179 1315 1257 emeritum,
1329 1195 1362 1243 et
1383 1177 1440 1263 qni
1460 1180 1560 1258 longa

608 1283 700 1367 pacis
715 1280 822 1365 quiete
838 1278 1035 1344 dedidicerat
1051 1279 1177 1343 ducem.
1224 1280 1289 1345 Sed
1303 1293 1335 1345 et
1354 1282 1410 1345 ubi
1430 1280 1562 1344 victoria

610 1382 807 1463 desperatur,
819 1380 860 1445 ad
883 1403 974 1465 spem
989 1381 1140 1445 vindictae
1162 1382 1335 1465 erigendus
1356 1393 1405 1446 est
1424 1381 1560 1446 animus.

609 1485 673 1547 Est
686 1482 770 1545 enim
785 1480 945 1545 interdum

765 1606 827 1658 Una
838 1603 908 1658 salus
919 1605 995 1658 victis
1006 1604 1105 1659 nullam
1116 1623 1219 1678 sperare
1231 1605 1353 1673 salutem,

611 1729 644 1782 et
671 1728 708 1781 ut
737 1737 771 1779 se
797 1717 935 1779 victores
964 1727 1089 1799 putent,
1111 1720 1139 1783 si
1168 1740 1232 1783 nou
1258 1720 1435 1783 moriantur
1457 1719 1562 1784 inulti.

612 1819 726 1900 Magni
748 1838 888 1901 namque
909 1818 1050 1880 muneris
1070 1819 1144 1883 loco
1164 1831 1224 1897 ost,
1243 1820 1350 1884 satiari
1372 1821 1509 1896 ultione;
1531 1832 1563 1884 et

612 1920 816 2002 dispendium
832 1920 915 1998 vitre,
926 1918 1076 1983 vindictae
1092 1922 1205 1986 solatio
1220 1924 1430 2005 compensari.
1453 1920 1562 1987 Facile
1620 1958 1630 1970 ·

612 2021 746 2088 assumit
756 2020 920 2104 pugnandi
930 2023 1166 2100 necessitatem,
1175 2023 1228 2087 cui
1236 2022 1382 2102 fugiendi
1390 2024 1566 2106 imponitur

613 2122 796 2187 difficultas.
843 2122 1042 2186 Audaciores
1057 2135 1132 2186 sunt
1155 2124 1210 2208 qui
1230 2125 1351 2187 bellum
1369 2124 1517 2201 inferunt,
1533 2136 1566 2188 et

614 2245 700 2308 saepe
731 2224 785 2286 alii
814 2223 890 2286 dum
920 2224 1054 2288 honeste
1085 2225 1277 2309 viriliterque
1311 2226 1391 2288 mori
1420 2225 1566 2309 cupiunt,

614 2326 748 2389 feliciter
761 2326 903 2388 vincunt.

852 2448 990 2502 Audentes
1001 2464 1116 2518 numque
1126 2445 1229 2500 fortuna
1236 2449 1321 2520 juvat,

613 2557 646 2609 et
659 2557 695 2610 ut
707 2567 824 2631 pugnae
841 2544 1012 2609 discrimen
1029 2545 1183 2624 imminet,

859 2651 1015 2720 Degeneres
1026 2652 1126 2704 animm
1138 2651 1215 2706 timor
1226 2653 1322 2721 uguit,

614 2788 677 2851 quo
689 2766 770 2829 nihil
784 2764 1030 2845 ignominiosius
1042 2775 1092 2827 est
1105 2763 1166 2842 his,
1177 2764 1233 2849 qui
1245 2785 1365 2829 nomen
1376 2774 1409 2829 et
1423 2764 1567 2829 officium

613 2867 736 2928 militiae
751 2865 948 2945 profitentur.
992 2862 1141 2926 Timidos
1156 2886 1295 2948 namque
1315 2865 1497 2946 gravissime
1512 2867 1567 2928 lex

614 2965 760 3027 militaris
775 2962 930 3045 percellit.
976 2962 1064 3023 Duci
1080 2981 1208 3043 quoque
1229 2964 1263 3023 in
1286 2984 1318 3025 re
1339 2963 1477 3042 militari,
1493 2963 1564 3027 dili·

617 3064 800 3146 gentissime
815 3057 1060 3144 praecavendum
1076 3071 1135 3136 est,

746 3185 791 3238 Ne
803 3184 896 3238 Venus
908 3187 935 3235 et
946 3183 1034 3236 vinum
1045 3182 1190 3254 pugnantia
1200 3188 1306 3256 pectore
1316 3181 1447 3254 frangant.

617 3300 749 3384 Semper
769 3301 856 3364 enim
879 3297 980 3362 vincit
998 3297 1136 3376 luxuria,
1151 3297 1209 3363 sed
1228 3319 1283 3362 eos
1303 3296 1472 3378 duntaxat,
1486 3320 1569 3384 quos

616 3413 691 3465 anto
706 3401 889 3485 corrumpit.
933 3402 1048 3483 quue
1069 3397 1243 3462 studiosius
1258 3397 1410 3479 fugienda
1430 3411 1490 3476 est,
1506 3422 1571 3484 quo

612 3499 651 3565 ,in
667 3499 847 3560 clientelam
863 3518 953 3559 suam
967 3498 1119 3559 acerrime
1133 3497 1232 3558 saevit.
1277 3496 1456 3560 Antiochus
1469 3508 1566 3560 tantm

616 3596 754 3662 luxuriae
769 3606 802 3657 et
816 3594 1043 3676 superfluitatis
1058 3593 1211 3655 instruxit
1224 3594 1411 3673 exercitum,
1422 3605 1459 3658 ut
1473 3597 1569 3663 etiam

620 3695 756 3776 gregarii
771 3693 885 3757 milites
901 3714 977 3756 auro
988 3693 1107 3775 caligas
1121 3692 1272 3770 facerent,
1283 3694 1570 3780 proculcarentque

619 3796 794 3873 materiam,
809 3794 902 3877 cujus
921 3813 1028 3856 amore
1043 3792 1154 3875 populi
1176 3791 1339 3856 dimicant.
1384 3795 1475 3858 Gens
1490 3816 1570 3879 quo-

621 3919 683 3983 que
698 3897 887 3961 Parthorum
908 3894 1085 3978 sepissime
1107 3905 1284 3977 superatur,
1305 3915 1344 3958 eo
1365 3894 1453 3977 quod
1474 3897 1569 3960 luxu-

618 3999 795 4064 riosissima
809 4009 865 4061 est.
911 3996 996 4059 Nam

774 4119 904 4188 Quicquid
915 4119 950 4171 ad
961 4118 1032 4172 Eoos
1044 4125 1151 4184 hactus,
1163 4119 1304 4187 mundique
1315 4123 1432 4190 teporem

773 4203 891 4267 Labitur,
903 4202 1002 4256 emollit
1013 4209 1108 4271 gentes
1118 4202 1258 4256 elementia
1268 4202 1336 4255 omli.

623 4321 736 4383 Solent
762 4340 829 4383 non
857 4320 891 4382 in
921 4318 990 4383 acie
1020 4318 1169 4380 cominus
1198 4314 1348 4400 praeliari,
1376 4316 1433 4381 sed
1464 4318 1572 4402 quoad

622 4431 768 4504 possunt,
796 4421 920 4484 hostem
949 4419 1076 4483 eminus
1104 4417 1236 4482 laedunt.
1292 4420 1448 4486 Obsessae
1476 4424 1573 4486 urbes
