4084 5634
634 807 694 886 lot
864 838 1000 884 toanurs
1015 837 1293 886 ssnssusnrnusts
1420 822 1503 906 [im.
1520 845 1579 889 vu.

631 991 709 1054 Hoc
726 1000 832 1052 autem
856 988 942 1074 quod
965 992 1068 1054 omnis
1083 989 1250 1075 multiplex
1274 1005 1374 1077 qnoto
1388 993 1458 1056 loco
1479 996 1576 1059 distat

628 1091 670 1154 ab
681 1087 814 1163 unitate,
827 1100 874 1151 tot
886 1110 982 1174 super
994 1089 1200 1175 particulares
1212 1090 1260 1153 sui
1271 1091 1395 1175 generis
1406 1093 1577 1166 antecedit,

628 1187 1580 1277 lrisduntaxatinnotuit,quinumerisoperamimpenderunt.

628 1289 877 1354 Mathematicus
902 1303 1009 1353 autem
1036 1290 1209 1355 consultior
1230 1291 1331 1366 novit,
1356 1292 1432 1377 quia
1454 1291 1578 1355 diversa

627 1390 749 1455 suntid
766 1390 853 1476 quod
869 1404 929 1467 est,
944 1404 976 1455 et
991 1414 1059 1455 esse
1079 1392 1134 1457 rei.
1180 1393 1225 1456 Et
1246 1395 1290 1456 sic
1310 1392 1341 1455 in
1361 1393 1495 1477 siugulis
1513 1395 1575 1456 dis-

626 1489 761 1576 ciplinis,
773 1489 922 1576 quaedam
937 1490 1002 1554 suis
1016 1491 1186 1576 opificibus
1200 1490 1411 1567 innotescunt,
1423 1515 1499 1578 qua>
1513 1515 1575 1555 uon

625 1592 721 1656 modo
735 1592 843 1678 vulgo,
857 1590 910 1655 sed
926 1591 996 1655 aliis
1006 1591 1205 1677 pbilosophis
1214 1592 1424 1657 occultantur.
1467 1593 1576 1658 Habet

624 1707 656 1760 et
672 1694 783 1778 religio
797 1693 951 1781 quaelibet
966 1693 1124 1779 principia
1139 1717 1207 1768 sua,
1221 1717 1294 1780 quoe
1315 1707 1371 1759 aut
1391 1694 1473 1761 ratio
1490 1718 1576 1758 com-

624 1797 740 1873 munis,
756 1811 813 1861 aut
834 1796 936 1883 pietas
954 1795 1123 1882 persuasit,
1143 1797 1264 1882 quibus
1281 1797 1408 1883 proficit
1427 1798 1460 1861 in
1484 1800 1574 1861 cultu

625 1897 699 1974 Dei,
714 1914 747 1961 et
762 1920 885 1961 morum
901 1897 1063 1972 exercitio,
1078 1897 1121 1960 ad
1135 1897 1337 1961 beatudinem
1359 1899 1575 1964 obtinendam.

626 1999 684 2062 Est
693 2013 799 2063 autern
812 2021 910 2063 unum
921 1998 1061 2061 omnium
1071 1997 1259 2082 religionum
1272 2000 1475 2086 principium,
1487 2001 1574 2086 quod

623 2101 725 2187 pietas
740 2101 842 2185 gratis
856 2114 889 2165 ct
908 2097 974 2162 sine
997 2098 1064 2162 ulla
1079 2100 1266 2185 probatione
1285 2102 1441 2176 concedit,
1467 2102 1574 2165 &aar

624 2202 742 2265 scilicet
757 2213 931 2286 potentem,
950 2201 1136 2285 sapientem,
1152 2201 1283 2276 bonum,
1302 2200 1525 2274 venerabilem,
1541 2214 1573 2264 et

622 2301 788 2366 amabilem
799 2324 875 2365 esse.
920 2301 1003 2364 Nam
1017 2301 1249 2386 Epicureorum
1261 2303 1365 2365 Deum
1379 2324 1445 2365 esse
1457 2324 1575 2384 negan-

623 2405 754 2480 tium,et
763 2404 849 2466 casui
862 2402 1098 2488 subjicientium
1110 2404 1299 2489 omnia,jam
1309 2403 1432 2488 pridem
1445 2417 1575 2467 auctore

624 2504 695 2569 Deo
721 2506 859 2582 homine,
885 2504 1016 2591 explosa
1047 2503 1203 2569 sententia
1231 2519 1289 2569 est.
1334 2504 1473 2569 Obviare
1496 2528 1573 2589 ergo

623 2608 797 2695 principiis,
813 2621 868 2673 aut
878 2608 1042 2691 rebusper
1057 2606 1193 2682 senatis,
1209 2605 1275 2670 sive
1289 2606 1389 2671 dehis
1400 2606 1574 2689 ambigere,

622 2707 773 2774 insensati
799 2723 859 2786 est,
883 2723 939 2773 ant
963 2709 1119 2784 vecordis,
1147 2709 1211 2773 sive
1236 2707 1321 2797 quod
1349 2708 1491 2773 deterius
1514 2722 1574 2787 est,

623 2809 793 2874 criminosi.
840 2810 901 2872 Sed
925 2832 982 2873 uec
1004 2810 1046 2873 de
1067 2811 1118 2874 his
1140 2810 1289 2874 dubitare
1318 2808 1402 2889 licet,
1430 2832 1505 2895 quae
1534 2817 1573 2873 ex

623 2910 790 2993 principiis
803 2920 1056 2991 consequuntur,
1072 2908 1149 2970 dum
1166 2931 1202 2970 ea
1218 2920 1323 2972 tamen
1339 2910 1429 2992 sequi
1442 2909 1573 2994 planum

623 3007 674 3071 sit.
722 3009 855 3071 Interim
885 3028 1022 3090 namque
1052 3019 1126 3070 suut
1155 3008 1387 3091 quaestionibus
1411 3009 1574 3094 agitanda,

623 3108 700 3171 dum
713 3108 837 3172 illorum
848 3106 888 3170 ad
901 3106 1058 3192 principia
1067 3106 1117 3170 vel
1127 3107 1458 3187 consecutivseornm,
1469 3111 1572 3175 cohoe-

623 3210 720 3274 rentia
740 3223 855 3296 pateat.
900 3210 983 3272 Nam
998 3208 1040 3272 de
1054 3207 1187 3295 singulis
1201 3210 1336 3275 istorum
1349 3211 1496 3277 dubitare
1508 3237 1571 3278 noa

622 3312 796 3378 esti'nutile.
820 3315 863 3377 Et
874 3311 1287 3398 quidemintalibus,donec
1296 3313 1571 3399 apprehenderent

623 3414 800 3489 veritatem,
811 3415 1069 3479 Academicorum
1082 3415 1295 3501 probabilium
1306 3415 1495 3500 disceptatio
1505 3441 1573 3481 ver·

623 3514 760 3577 tebatur.
805 3514 890 3590 Quid
912 3515 994 3576 enim
1015 3516 1125 3589 refert,
1144 3528 1200 3578 atrt
1220 3537 1356 3600 quornm
1379 3517 1523 3591 interest,
1546 3519 1572 3581 si

622 3613 677 3698 qui
690 3635 813 3697 semper
823 3627 854 3676 et
867 3613 1179 3698 omniaquaerebant,
1190 3614 1355 3689 discentes,
1364 3628 1397 3678 et
1407 3636 1571 3701 nunquam

622 3711 661 3774 ad
678 3711 838 3775 scientiam
855 3711 996 3776 veritatis
1010 3715 1239 3796 pervenientes,
1262 3712 1340 3798 quia
1353 3713 1434 3777 nihil
1449 3731 1571 3781 eertum

622 3811 738 3875 habere
760 3816 936 3875 noverant?
960 3815 1055 3876 Hanc
1077 3835 1154 3896 ergo
1176 3812 1278 3897 legem
1306 3814 1570 3881 Academicorum

620 3912 797 3999 praescribit
819 3913 942 3992 Cicero,
964 3926 1001 3977 ut
1022 3914 1075 3978 cui
1104 3912 1346 4000 philosophandi
1369 3918 1568 4002 propositum

621 4029 679 4091 est,
696 4015 772 4079 dum
789 4038 839 4078 res
859 4015 995 4079 obscura
1016 4029 1076 4093 est,
1097 4031 1239 4101 quoerat3
1261 4015 1340 4080 dum
1362 4019 1570 4103 probabiliter

620 4119 766 4184 elucescit
790 4118 944 4198 veritatis,
972 4118 1162 4202 acquiescat.
1208 4121 1262 4183 Ait
1285 4119 1389 4182 enim:
1422 4124 1490 4184 Nos
1511 4122 1569 4208 qui

621 4220 784 4304 sequimur
813 4218 1001 4305 probabilia,
1030 4241 1088 4281 nec
1118 4217 1203 4282 ultra
1231 4218 1263 4281 id
1295 4218 1381 4301 quod
1404 4220 1569 4304 probabile

620 4321 769 4396 occurrit,
782 4320 930 4405 progredi
943 4341 1123 4406 possumus,
1131 4332 1160 4382 et
1171 4319 1310 4382 refellere
1317 4322 1383 4382 sine
1393 4318 1569 4398 iracundia,

585 4421 588 4430 '
621 4436 651 4490 et
676 4422 781 4493 refelli
797 4425 863 4487 sine
888 4422 1060 4509 pertinacia
1085 4419 1185 4506 parati
1213 4441 1331 4486 sumus.
1379 4426 1458 4488 Haec
1484 4427 1571 4493 euim
