4084 5634
926 297 1506 486 idem?

517 554 766 772 Co&
819 559 1118 860 'didm

459 914 530 959 can.
547 894 621 975 vn]
823 908 1078 959 rorrcnsrrcos.
1369 893 1409 956 19

461 1065 541 1151 Cap.
557 1073 586 1129 7.
620 1065 700 1134 Qooe
720 1067 766 1128 sit
785 1067 948 1147 conceptio
968 1066 1166 1129 sacramenti
1185 1064 1354 1138 militaris,
1377 1072 1410 1126 et

652 1168 740 1249 qrtod
750 1169 822 1230 sine
835 1186 873 1230 eo
887 1168 1032 1230 militare
1045 1185 1110 1229 aon
1126 1167 1210 1230 ticet.

500 1292 744 1355 Vunuurauren
767 1293 846 1356 citra
868 1293 1054 1375 religionem
1077 1294 1267 1357 sacramenti
1291 1314 1330 1357 ex
1353 1315 1408 1356 an·

458 1393 549 1479 tiqua
569 1396 650 1476 lege,
674 1416 768 1458 uerno
789 1394 913 1459 militiae
936 1396 1065 1477 cingulo
1088 1395 1275 1459 donabatur.
1323 1396 1407 1458 Nam

459 1498 545 1561 sicut
566 1497 654 1580 apud
675 1498 798 1562 Julium
822 1488 1008 1561 Frontinum
1031 1498 1160 1580 legitur,
1181 1497 1219 1560 L.
1235 1498 1354 1561 Flacco
1376 1507 1409 1560 et

459 1595 497 1661 C.
513 1598 654 1661 Varrone
666 1597 757 1662 Coss.
770 1598 887 1661 milites
897 1598 1002 1680 primo
1013 1592 1222 1683 jurejurando
1234 1597 1310 1659 sacti
1321 1607 1408 1660 sunt.

458 1699 564 1764 Antea
578 1700 662 1764 euim
680 1709 879 1764 sacramenta
893 1699 1114 1762 tantummodo
1130 1719 1149 1762 a
1163 1698 1299 1762 tribunis
1318 1720 1409 1780 roga·

459 1801 584 1863 bantur.
631 1799 792 1862 Caetcrum
808 1799 871 1882 ipsi
887 1798 970 1861 inter
989 1820 1023 1861 sc
1040 1798 1258 1882 conjurabant,
1274 1819 1307 1861 se
1326 1797 1408 1880 fugae

458 1909 556 1982 atque
571 1897 752 1962 formidinis
764 1920 861 1961 causa
875 1919 938 1961 non
955 1899 1107 1976 abituros,
1118 1920 1223 1982 neque
1239 1919 1280 1962 ex
1295 1898 1408 1963 ordine

457 2020 649 2075 recessuros,
664 1999 726 2061 nisi
750 2000 803 2063 teli
825 2000 968 2083 petendi,
983 2001 1123 2064 hostisve
1145 2000 1280 2064 feriendi
1302 2020 1409 2076 causa,

459 2111 515 2163 aut
530 2099 609 2163 ciris
623 2100 778 2165 servandi.
824 2103 868 2166 Et
885 2101 948 2165 hoc
972 2101 1139 2166 dicebatur
1158 2101 1281 2164 militiae
1303 2121 1407 2164 sacra·

459 2212 610 2278 mentum,
623 2200 709 2284 quod
726 2213 758 2265 et
773 2200 1117 2265 christianissimorum
1133 2200 1315 2285 principum
1332 2221 1407 2265 auc·

459 2299 583 2364 toritate
606 2301 757 2381 firmatur,
771 2313 803 2365 et
825 2325 894 2365 usu.
940 2302 1119 2387 Conceptio
1134 2323 1207 2365 vero
1225 2300 1409 2386 juramenti,

457 2411 536 2465 teste
552 2402 698 2483 Vegetio,
709 2403 894 2488 hujusmodi
908 2412 966 2465 est.
1002 2404 1117 2467 Jurant
1132 2402 1281 2488 equidem
1293 2400 1409 2465 milites

458 2523 515 2586 per
529 2503 646 2581 Deum,
663 2513 694 2566 et
711 2503 873 2567 Christum
891 2503 971 2587 ejus,
987 2515 1019 2566 et
1034 2502 1189 2586 Spiritum
1204 2514 1362 2580 sanctum,
1377 2511 1410 2565 at

459 2624 517 2686 per
538 2605 739 2689 majestatem
779 2606 858 2669 rinci
885 2607 923 2682 is,
939 2628 1010 2688 quae
1026 2605 1203 2668 seeundum
1227 2606 1334 2667 Deum
1349 2604 1407 2665 hu-

445 2627 930 2783 ᾗῐῖεἷ-Ἧωιιιὲἕῐῖἆὼ
950 2716 982 2766 et
1002 2703 1149 2765 colenda.
1197 2703 1297 2783 (Nam
1312 2721 1411 2785 quum

461 2802 534 2884 quis
558 2802 735 2881 legitimum
758 2803 884 2885 accepit
909 2803 1135 2884 principatum,
1156 2813 1309 2885 tanquam
1331 2821 1411 2883 prae·

459 2902 541 2964 senti
564 2911 597 2963 et
618 2903 774 2985 corporali
798 2903 882 2979 Deo,
901 2901 1006 2965 fidelis
1029 2903 1059 2964 ei
1082 2915 1130 2966 est
1152 2901 1332 2987 praestande
1355 2903 1411 2967 de·

458 3001 555 3080 votio,
583 3001 816 3084 impendendus
842 3003 975 3086 pervigil
1001 3003 1180 3067 famulatus
1225 3004 1299 3068 Deo
1324 3003 1409 3068 enim

458 3105 509 3166 rel
531 3102 684 3185 privatus,
700 3103 748 3164 vel
769 3104 909 3166 militans
932 3104 1038 3180 servit,
1054 3127 1153 3189 quum
1176 3102 1314 3168 fideliter
1335 3126 1409 3168 eum

460 3203 574 3284 diligit,
589 3203 646 3285 qui
662 3204 734 3266 Deo
755 3215 867 3286 regnat
882 3208 1033 3284 auctore.)
1077 3206 1097 3268 J
1101 3216 1204 3281 urant,
1218 3206 1361 3289 inquam,
1375 3226 1410 3269 se

459 3314 588 3365 strenue
619 3303 758 3365 facturos
786 3303 905 3380 omnia,
931 3326 1002 3386 quae
1033 3306 1223 3387 praeceperit
1249 3307 1411 3387 princeps,

461 3423 627 3485 nunquam
643 3401 821 3464 deserturos
832 3403 987 3477 militiam,
1000 3405 1051 3465 vel
1067 3415 1199 3465 mortem
1211 3412 1411 3466 recusaturos

460 3523 519 3587 pro
533 3501 710 3584 republica,
726 3501 818 3584 cnjus
841 3509 916 3563 sunt
932 3501 1104 3584 conscripti
1126 3502 1257 3564 militiae.
1303 3503 1409 3574 Quum

459 3625 532 3666 vero
555 3602 617 3665 hoc
644 3603 849 3685 praestiterint
868 3601 1104 3686 jusjurandum,
1127 3603 1257 3684 cingulo
1282 3604 1410 3666 militari

462 3703 629 3780 donantur,
641 3710 675 3765 et
687 3703 873 3785 privilegiis.
922 3702 1078 3787 Adeoque
1093 3704 1232 3768 obtinuit
1245 3715 1281 3769 ut
1295 3704 1410 3769 electio

461 3817 493 3868 et
514 3817 747 3868 sacramentum
770 3805 904 3868 militem
930 3807 1082 3884 facerent,
1105 3817 1139 3868 ut
1161 3806 1232 3869 sine
1254 3808 1411 3871 electione

461 3927 556 3969 nemo
569 3907 823 3968 conscriberetur
835 3916 891 3969 aut
899 3906 1031 3990 juraret,
1043 3908 1110 3970 sine
1120 3907 1304 3992 juramento
1315 3929 1411 3972 nemo

460 4028 577 4069 nomen
594 4006 705 4068 militis
721 4018 776 4069 aut
795 4006 936 4070 officium
958 4008 1131 4071 sortiretur.
1176 4011 1215 4072 In
1239 4010 1319 4071 libro
1342 4008 1410 4069 offi-

462 4108 583 4171 ciorum
599 4108 646 4168 M.
663 4106 789 4170 Tullius
807 4108 910 4187 refert,
925 4108 1011 4194 qnod
1035 4109 1213 4194 Pompilius
1236 4111 1413 4192 Imperator

463 4210 594 4272 tenebat
615 4208 825 4290 provinciam,
838 4210 870 4271 in
888 4210 981 4294 cujus
1004 4212 1148 4275 exercitu
1171 4212 1258 4273 filius
1280 4207 1413 4272 Catonis
1491 4257 1494 4260 ψ

463 4320 531 4390 tyro
542 4309 711 4372 militabat.
741 4310 846 4381 Quum
857 4320 962 4374 autem
975 4311 1137 4394 Pompilio
1147 4310 1307 4383 videretur
1317 4329 1412 4372 unam

464 4405 621 4472 dimittere
647 4407 819 4492 legionem,
845 4411 978 4475 Catonis
1004 4431 1132 4493 quoque
1158 4408 1272 4484 filium,
1298 4408 1414 4492 quiin

464 4505 577 4571 eadem
597 4508 722 4592 legione
741 4510 907 4589 militabat,
922 4510 1057 4574 dimisit.
1102 4509 1167 4572 Sed
1189 4531 1286 4594 quum
1307 4533 1413 4575 amore

913 4617 967 4671 οἳ
