4084 5634
541 813 601 874 114
793 825 929 869 mamus
945 825 1222 871 sinusnnnmusrs
1329 811 1412 886 [cm.
1429 824 1487 869 vn.

540 977 657 1041 habent
682 999 786 1054 usum,
808 991 840 1041 et
863 975 1110 1062 philosophandi
1141 979 1303 1042 materiam
1335 979 1490 1064 proebent.

540 1083 663 1144 Notant
679 1081 775 1153 enirn,
791 1099 852 1141 non
875 1077 991 1143 docent
1007 1079 1094 1157 vitia,
1110 1094 1142 1144 et
1158 1094 1214 1143 aut
1232 1080 1380 1144 utilitatis
1398 1102 1493 1143 causa

538 1193 630 1265 grata
642 1193 728 1255 sunt,
741 1190 798 1241 aut
814 1180 997 1264 voluptatis.
1033 1180 1085 1243 Sic
1100 1195 1206 1245 autem
1220 1203 1276 1265 per
1293 1205 1416 1244 morum
1429 1181 1493 1244 dis-

539 1281 671 1346 crimina
683 1295 858 1357 transeunt,
873 1295 908 1346 ut
922 1282 1033 1347 virtuti
1046 1283 1162 1347 saciant
1179 1283 1292 1347 locum.
1334 1285 1415 1347 Nam
1433 1304 1491 1369 per

539 1384 612 1456 tela,
624 1407 682 1469 per
691 1386 790 1467 ignes,
797 1407 854 1468 per
863 1382 958 1448 maris
969 1385 1071 1449 varias
1080 1385 1244 1471 procellas,
1254 1408 1310 1471 per
1317 1398 1364 1450 tot
1377 1398 1494 1463 motus,

540 1486 718 1563 seditiones,
732 1501 764 1550 et
780 1485 910 1549 insidias
926 1486 1130 1573 populorum,
1147 1486 1283 1572 Scyllam
1308 1486 1491 1573 pertransiit

540 1600 572 1651 et
589 1588 799 1672 Charybdim,
813 1601 849 1652 ut
864 1588 904 1653 ad
918 1589 1052 1673 patriam
1065 1611 1154 1652 suam
1170 1593 1279 1652 saltem
1290 1589 1321 1652 in
1333 1601 1493 1651 senectute

543 1690 675 1776 Ulysses
689 1691 864 1776 repedaret.
911 1691 1018 1754 Socios
1035 1692 1130 1754 variis
1141 1690 1228 1754 exilii
1240 1691 1344 1754 amisit
1356 1691 1493 1764 casibus,

541 1791 596 1855 sed
613 1814 666 1854 eos
680 1806 737 1855 aut
752 1793 890 1857 fortunae
904 1791 1066 1869 violentia,
1090 1806 1146 1856 aut
1170 1805 1293 1857 naturae
1314 1792 1491 1868 infirmitas,
1559 1813 1567 1824 ·

541 1903 597 1952 aut
609 1889 705 1953 animi
718 1891 867 1977 voluptas
878 1891 1044 1957 absumsit.
1081 1893 1208 1955 Horum
1222 1905 1326 1955 tamen
1338 1892 1492 1964 omnium,

535 1992 682 2076 jucunda
699 1991 811 2056 relatio
830 2006 887 2056 est.
933 1996 1017 2057 Nam
1043 1993 1090 2055 vel
1107 1994 1200 2057 amici
1219 1993 1374 2078 praevisus
1392 2015 1492 2067 casus,

540 2094 598 2158 etsi
608 2116 733 2159 amarus
743 2094 927 2181 sit,proficit
937 2095 1153 2159 adcautelam.
1178 2099 1221 2159 Et
1232 2116 1297 2180 quo
1307 2094 1496 2160 familiosior.

539 2196 602 2261 fuit
625 2218 698 2259 curn
722 2195 848 2261 labente
871 2195 1013 2272 societas,
1034 2220 1071 2260 eo
1092 2218 1184 2259 casua
1206 2218 1368 2281 quemque
1391 2195 1493 2279 magis

539 2298 703 2362 absterret.
750 2297 915 2384 Siquidem
931 2299 1086 2382 exemplis
1101 2318 1184 2380 aaepe
1199 2297 1301 2381 magis
1315 2296 1491 2380 proficitur,

541 2420 638 2483 quam
662 2399 839 2484 praeceptis.
885 2395 975 2461 Mala
997 2397 1082 2460 enim
1105 2396 1247 2460 vitantur
1269 2396 1405 2475 facilius,
1426 2418 1493 2480 quo

539 2499 665 2565 fidelius
690 2499 885 2586 praecognita
913 2499 1044 2564 fuerint.
1091 2498 1166 2574 Vix,
1197 2512 1228 2563 et
1255 2497 1492 2584 quodammodo

541 2601 637 2680 solus,
646 2604 746 2666 evasit
763 2601 901 2687 Ulysses,
910 2601 964 2666 sed
975 2600 1015 2665 ad
1029 2598 1493 2686 philosophiaejucunditatem,

540 2714 573 2765 et
604 2701 694 2788 quasi
731 2701 877 2788 proprias
910 2700 1105 2784 voluptates,
1140 2700 1305 2785 pauciores
1340 2700 1492 2767 evadunt,

541 2804 701 2867 Consonat
734 2804 774 2880 ei,
806 2803 830 2867 si
862 2802 1015 2889 Lyricum
1047 2802 1224 2868 conticente
1254 2803 1323 2890 lyra
1350 2802 1492 2889 dignaris

538 2903 658 2984 audire,
688 2904 835 2979 Flaccus,
864 2917 921 2966 aut
950 2902 974 2966 si
1005 2904 1107 2966 mavis
1138 2902 1304 2978 Horatius,
1334 2907 1393 2987 qui
1416 2905 1489 2988 plus

537 3003 712 3070 honestatis
726 3017 757 3067 et
782 3002 929 3068 utilitatis
951 3027 983 3066 se
998 3003 1086 3088 apud
1113 3001 1307 3065 Maeonidem
1330 3002 1487 3068 invenisse

537 3106 730 3192 gratulatur,
759 3128 855 3192 quam
883 3105 1025 3191 plurium
1054 3104 1227 3169 Stoicoram
1254 3104 1296 3169 sit
1317 3107 1485 3192 praeceptis

538 3232 734 3295 expressum.
779 3207 833 3273 Ait
848 3208 950 3272 enim:

607 3326 716 3398 Trojani
728 3324 788 3377 belli
801 3324 961 3396 scriptorem,
975 3323 1095 3378 Maxime
1110 3323 1187 3387 Lolli,

608 3412 679 3463 Dum
690 3418 718 3463 tu
731 3410 862 3464 declamas
875 3413 974 3473 Romae,
988 3409 1123 3463 Praeneste
1135 3408 1233 3478 relegi:

608 3497 662 3558 Qui
673 3497 734 3565 quid
747 3498 781 3548 sit
793 3496 934 3567 pulchrum,
946 3495 1009 3563 quid
1020 3501 1104 3566 turpe,
1114 3496 1176 3565 qnid
1187 3495 1261 3560 utile,
1273 3496 1334 3565 quid
1347 3514 1406 3561 uon,

609 3580 745 3632 Pulchrius
756 3588 783 3632 et
794 3581 887 3634 melina
900 3581 1047 3651 Chrysippo
1059 3588 1086 3633 et
1099 3583 1225 3635 Crantore
1237 3581 1308 3633 dicit.

607 3664 677 3733 [Cur
688 3666 726 3716 ita
738 3667 899 3730 crediderim,
910 3668 960 3718 nisi
973 3667 1036 3735 quid
1048 3673 1075 3720 te
1086 3668 1194 3731 detinet,
1206 3666 1289 3736 audi]

609 3749 718 3813 Fabula,
729 3769 781 3818 qua
795 3751 897 3803 Paridis
909 3758 1012 3823 propter
1025 3759 1142 3804 narratur
1153 3769 1267 3805 amorem

608 3836 710 3890 (luceia
721 3836 846 3889 barbariae
858 3834 928 3888 lento
940 3836 1031 3890 collisa
1042 3837 1137 3902 duello,

606 3921 748 3974 Stultorum
760 3939 852 3989 regum
864 3928 891 3974 at
902 3922 1052 3993 populorum
1064 3924 1179 3977 continet
1190 3931 1279 3979 aestua.

605 4009 723 4060 Antenor
734 4007 797 4059 belli
809 4016 897 4060 censet
908 4009 1048 4080 praecidere
1059 4027 1159 4062 causas.

605 4095 674 4158 Quid
688 4093 780 4146 Paris?
802 4104 831 4146 ut
845 4093 931 4146 aalma
943 4104 1043 4161 regnet,
1057 4097 1178 4164 vivatque
1190 4096 1291 4159 beatus,

606 4182 674 4249 Cogi
687 4199 761 4254 posse
773 4187 862 4249 negat.

604 4269 747 4331 Serlitione,
761 4266 834 4330 dolis,
847 4265 953 4329 scelere,
966 4275 1045 4335 atque
1057 4266 1174 4332 libidine,
1187 4275 1214 4319 et
1226 4269 1273 4332 ira,

606 4355 699 4405 iliacos
712 4357 780 4406 intra
793 4371 878 4406 muros
889 4359 1009 4423 peccatur
1022 4359 1049 4404 et
1062 4359 1145 4404 extra,

606 4440 735 4508 Quicquid
748 4439 859 4492 delirant
870 4456 957 4512 reges,
968 4438 1113 4509 plectuntur
1126 4438 1228 4491 Achivi.
