4084 5634
636 813 678 873 80
864 824 999 871 rasurus
1016 823 1294 869 sansananransrs
1429 806 1512 885 [cru.
1528 825 1586 870 vn.

639 978 762 1044 facilior
790 976 914 1040 videtur
942 986 975 1039 et
1003 976 1136 1046 brevior,
1166 975 1194 1037 si
1217 974 1370 1058 jocundae
1400 978 1588 1040 narrationis

635 1080 793 1155 sensibus,
824 1088 879 1142 aut
907 1077 994 1140 vocis
1024 1076 1220 1140 dulcissimae
1252 1077 1391 1141 modulis
1421 1089 1586 1141 recreetur.

634 1181 688 1245 Sic
712 1191 745 1245 et
766 1201 816 1243 me
837 1177 995 1256 lectionis,
1015 1187 1072 1243 aut
1093 1178 1222 1242 alterius
1244 1179 1342 1243 officii
1365 1179 1473 1242 studio
1490 1178 1588 1261 jubes

633 1281 789 1359 insistere,
805 1290 846 1358 et,
863 1279 889 1343 si
908 1278 996 1343 aliud
1017 1300 1084 1341 non
1106 1279 1306 1357 conceditur,
1322 1278 1362 1343 de
1384 1301 1436 1342 me
1459 1280 1539 1362 ipso,
1555 1292 1587 1342 et

634 1382 728 1447 variis
742 1384 878 1447 sonuum
893 1381 1002 1445 formis
1025 1381 1188 1464 conqueri,
1203 1382 1314 1445 saltem
1330 1381 1408 1444 mihi
1423 1393 1455 1443 et
1469 1382 1584 1444 Musis.

633 1483 774 1549 Grandis
795 1484 880 1549 enim
903 1483 1066 1567 proiectus
1087 1493 1136 1546 est
1157 1482 1196 1546 ad
1220 1483 1456 1567 philosophiam
1477 1482 1584 1565 adspi-

631 1586 725 1664 ranti,
750 1585 873 1650 virtutis
898 1585 932 1648 in
961 1606 996 1647 se
1026 1584 1190 1667 deplorare
1220 1583 1388 1647 desectum.
1433 1582 1485 1646 Ad
1514 1584 1584 1645 baec

633 1687 711 1771 quid
725 1687 785 1750 tibi
800 1684 1024 1769 respondeam,
1039 1685 1192 1749 Comicus
1208 1685 1359 1767 suggerit,
1377 1685 1453 1768 quia

704 1835 805 1887 Omnes
818 1852 897 1904 quum
908 1833 1034 1899 valemus,
1046 1839 1117 1887 recta
1128 1833 1235 1887 consilia
1245 1834 1352 1901 aegrotis
1363 1834 1462 1886 damus.

701 1919 747 1974 Tu
760 1925 848 1974 autem
860 1921 883 1973 si
893 1920 935 1972 hic
947 1921 983 1973 sis
994 1919 1072 1973 aliter
1083 1920 1189 1972 sentias

631 2058 696 2134 Sic,
711 2057 758 2120 sic
773 2078 793 2121 a
808 2056 985 2140 captivatis,
1002 2077 1136 2140 quorum
1152 2075 1271 2136 organa
1290 2056 1322 2119 in
1346 2057 1498 2119 salicibus
1513 2077 1580 2119 sus-

629 2178 731 2243 pensa
745 2168 830 2234 sunt,
844 2168 1030 2242 quaeruntur
1051 2158 1147 2221 rerba
1161 2156 1356 2232 cantionum,
1373 2178 1445 2238 quse
1461 2156 1581 2219 cantari

629 2257 760 2321 omnino
772 2269 945 2341 nequeunt,
953 2268 1007 2321 aut
1018 2279 1082 2321 non
1093 2257 1199 2320 solent
1209 2255 1241 2316 in
1252 2265 1335 2318 terra
1346 2255 1459 2317 aliena.
1491 2254 1582 2316 Licet

628 2358 712 2422 enirn
728 2359 826 2422 virtus
847 2359 978 2444 injurias
997 2358 1192 2443 captivitatis
1215 2357 1347 2439 ignoret,
1364 2368 1418 2418 aut
1440 2377 1498 2418 suo
1518 2355 1579 2438 pri-

628 2460 693 2522 vari
711 2481 776 2522 non
798 2460 900 2543 possit
920 2459 1038 2534 officio,
1059 2479 1146 2522 rarus
1169 2468 1216 2520 est
1236 2455 1420 2534 admodum,
1436 2456 1489 2540 qui
1507 2456 1579 2540 phi-

627 2561 804 2644 losophicis
825 2572 858 2624 et
881 2561 1053 2625 curialibus
1078 2559 1193 2623 officiis
1215 2558 1353 2622 sufficiat
1378 2579 1499 2622 morem
1525 2580 1579 2639 ge-

627 2682 705 2740 rere,
720 2683 817 2746 quum
833 2662 903 2724 haec
917 2661 979 2724 sibi
995 2663 1182 2744 plerumque
1198 2670 1323 2724 constet
1336 2660 1508 2744 plurimum
1524 2659 1577 2723 ad·

627 2763 751 2826 versun.
796 2761 893 2825 Unde
915 2784 983 2826 rem
1000 2763 1065 2825 lere
1086 2762 1318 2846 impossibilem
1341 2760 1457 2824 videris
1479 2762 1579 2843 impe·
1624 2786 1627 2790 ⁴

626 2883 705 2937 rare,
728 2862 901 2943 praesertim
925 2883 1022 2944 quum
1047 2883 1106 2944 ego
1129 2862 1188 2924 sim
1211 2862 1308 2923 homo
1337 2862 1396 2923 sub
1422 2871 1578 2942 potestate

627 2959 827 3034 constitutus,
857 2971 889 3020 et
917 2959 1034 3020 inritus
1068 2959 1185 3020 faciam
1218 2961 1355 3041 plurima
1386 2958 1577 3021 necessitate

627 3056 835 3140 obsequendi,
865 3066 898 3119 et
926 3056 960 3118 in
988 3055 1041 3118 his
1075 3077 1146 3138 quse
1178 3057 1316 3139 propriae
1346 3058 1515 3120 voluntatis
1547 3068 1579 3120 et

627 3158 792 3241 sapientire
813 3156 966 3220 instinctu
989 3154 1129 3237 gerenda
1155 3164 1239 3229 sunt,
1264 3155 1342 3218 milri
1372 3156 1426 3220 vix
1451 3167 1578 3241 tempus

625 3261 829 3342 indulgeatur
854 3259 896 3324 ad
921 3280 1033 3343 pauca.
1078 3259 1159 3322 Dies
1184 3268 1216 3321 et
1240 3279 1308 3321 nox
1334 3260 1521 3323 necessariis
1546 3271 1579 3324 et

624 3363 739 3428 alienis
761 3363 1029 3448 occupationibus
1050 3362 1273 3443 transiguntur,
1286 3375 1323 3425 ut
1339 3384 1400 3426 nec
1420 3364 1466 3426 rei
1487 3364 1577 3427 fami-

624 3466 694 3529 liari
717 3486 825 3528 curam
847 3465 1033 3548 impendere
1055 3464 1167 3540 liceat3
1190 3478 1223 3527 et
1244 3475 1280 3528 tn
1302 3465 1436 3528 hortaris
1452 3480 1487 3528 ut
1501 3468 1577 3529 scri·

624 3563 718 3627 bam?
758 3565 867 3627 Homo
890 3562 1019 3646 quidem
1041 3562 1206 3643 imperitus
1224 3584 1295 3627 sum
1318 3564 1452 3627 scientia
1467 3575 1499 3627 et
1512 3586 1577 3627 ser·

625 3680 730 3736 mone,
745 3673 777 3723 et
791 3680 888 3722 unum
905 3658 993 3742 quod
1009 3678 1075 3720 non
1091 3658 1205 3741 accepi
1219 3660 1291 3723 aliis
1306 3657 1464 3742 erogabo?

729 3787 833 3841 Navem
844 3789 867 3841 si
879 3792 969 3860 poscat
979 3788 1029 3841 sibi
1040 3795 1179 3861 peronatus
1190 3796 1286 3855 arator,

730 3871 842 3926 Luciferi
854 3872 933 3936 nidis,
946 3871 1077 3926 exclamet
1088 3871 1226 3926 Melicerta
1237 3874 1335 3945 perisse

732 3959 855 4012 Frontem
867 3959 900 4011 de
912 3958 997 4011 rebus.

625 4082 659 4148 Si
684 4083 792 4166 itaque
816 4082 863 4145 vis
889 4091 924 4144 ut
947 4082 1095 4154 scribam,
1119 4080 1171 4156 da,
1194 4082 1241 4143 vel
1269 4082 1374 4164 potius
1393 4082 1434 4144 ab
1458 4102 1497 4145 eo
1520 4086 1574 4167 qui

622 4185 824 4248 scientiarum
853 4182 1002 4246 dominus
1032 4192 1092 4260 est,
1120 4184 1284 4246 scientiam
1313 4183 1459 4264 impetra,
1488 4186 1574 4250 unde

623 4287 772 4363 scribam,
803 4285 844 4349 da
877 4297 1004 4368 tempus
1042 4283 1241 4368 expeditum,
1279 4296 1311 4347 et
1347 4289 1572 4354 necessitatum

625 4383 868 4449 domesticarum
885 4384 1021 4449 exclude
1037 4384 1207 4448 molestias.
