4084 5634
632 300 1155 631 ssedetpttte
1173 350 1341 535 bat
1353 354 1579 606 {lew

541 913 612 960 cas.
627 895 716 974 suu]
890 907 1144 956 eocrcasrrcus.
1431 893 1494 957 los

542 1063 609 1129 duo
622 1061 796 1127 inventioni
813 1059 953 1126 veritatis
968 1059 1144 1145 plurimum
1160 1059 1379 1138 adversantur,
1397 1065 1421 1126 si
1437 1076 1492 1127 aut

542 1186 618 1230 vera
632 1164 749 1228 dicenti
769 1162 842 1247 quis
862 1173 1055 1237 succenseat,
1077 1175 1135 1225 aut
1158 1160 1363 1247 pertinaciter
1385 1165 1417 1225 in
1435 1162 1495 1225 fal-

540 1265 640 1331 sitatis
654 1265 836 1330 defensione
852 1261 985 1326 laboret.
1033 1265 1118 1327 Nam
1134 1262 1231 1326 nteit
1247 1262 1396 1338 Ethicus,

647 1381 814 1452 impeditius
825 1380 948 1443 animum,
959 1395 994 1430 ne
1005 1378 1087 1448 possit
1098 1394 1206 1430 cernere
1213 1395 1311 1430 rernm.

541 1495 587 1559 Et
602 1493 720 1557 veritas
741 1492 810 1577 ipsa
832 1490 994 1553 incarnata
1013 1486 1142 1552 recessit
1164 1487 1205 1550 ab
1226 1487 1282 1564 eis,
1303 1488 1360 1574 qui
1380 1489 1411 1552 in
1431 1493 1494 1556 Co.

544 1596 662 1658 razaim
677 1604 709 1657 et
731 1591 904 1656 Bethsaida
918 1589 1044 1675 spiritui
1065 1600 1173 1652 sancto
1193 1588 1386 1673 pertinacius
1406 1595 1496 1655 resti-

543 1708 663 1761 terunt.
701 1693 764 1758 Sed
774 1705 806 1757 et
817 1694 840 1755 J
843 1691 952 1756 udaeos
964 1688 1138 1775 pertinacia
1149 1688 1332 1765 excaecavit,
1346 1703 1380 1754 nt
1392 1690 1496 1755 adhuc

542 1796 652 1862 oculos
680 1817 791 1860 eorum
819 1792 925 1857 velum
955 1789 1066 1876 templi
1097 1803 1213 1866 teneat,
1239 1790 1327 1876 quod
1358 1790 1497 1854 Domino

544 1897 685 1986 patiente
700 1899 829 1961 scissum
842 1906 890 1957 est
905 1916 923 1956 a
938 1915 1062 1957 summo
1078 1890 1234 1978 usquead
1249 1892 1406 1958 deorsum.

544 2086 624 2169 Cap.
641 2089 671 2147 8.
697 2082 791 2151 Quod
809 2084 912 2144 virtus
931 2082 1031 2144 unica
1053 2083 1104 2142 cia
1123 2088 1170 2143 est
1187 2076 1451 2160 philosophandi,
1465 2090 1498 2144 et

587 2186 689 2249 eundi
717 2184 764 2247 ad
791 2181 1049 2246 beatitudinem:
1081 2182 1179 2245 etde
1209 2180 1315 2244 tribus
1340 2182 1500 2260 eraditus

586 2288 822 2362 accedentium,
835 2293 867 2347 et
883 2284 925 2347 de
943 2282 1050 2347 tribua
1063 2285 1159 2345 rectis
1169 2285 1445 2364 pbilosophorum.

588 2404 840 2477 Vnuunrantsn,
850 2402 928 2486 quia
939 2422 1000 2463 non
1015 2405 1038 2436 “
1047 2422 1156 2463 omnes
1169 2400 1274 2466 omnia
1289 2403 1452 2486 possunt,”
1463 2414 1495 2464 ct

545 2504 674 2592 spiritus
696 2503 751 2568 nbi
778 2504 848 2566 vult
875 2500 985 2587 spirat,
1008 2514 1041 2564 et
1065 2500 1216 2585 frequens
1241 2515 1300 2578 est,
1324 2515 1360 2566 ut
1388 2523 1498 2564 eorum

546 2624 621 2687 quse
640 2621 659 2663 a
677 2599 861 2663 doctoribus
883 2597 1103 2682 proferuntur,
1118 2596 1335 2661 multitudinis
1356 2601 1398 2663 sit
1418 2599 1500 2663 mul·

546 2700 647 2786 tiplex
677 2697 870 2772 intellectus,
900 2719 939 2759 ex
971 2696 1076 2758 verbis
1107 2698 1245 2760 Socratis
1274 2710 1306 2761 et
1345 2698 1501 2774 Plutonia,

547 2812 641 2864 sectae
664 2796 775 2862 multas
798 2799 1033 2882 profluxerunt,
1054 2816 1162 2859 omnes
1188 2808 1292 2859 tamen
1318 2797 1358 2862 ad
1386 2821 1498 2873 unum,

548 2899 602 2964 sed
632 2898 725 2985 qnasi
754 2919 811 2983 per
840 2899 943 2960 varias
977 2897 1106 2961 semitas
1139 2910 1355 2982 properantes.
1412 2899 1500 2965 lllutl

548 3012 653 3066 autem
684 3023 751 3087 quo
779 3002 921 3062 omnium
952 2996 1189 3061 rationabilium
1221 3000 1324 3085 vergit
1353 3003 1500 3079 intentio,

547 3125 620 3167 sera
634 3101 801 3166 beatitudo
822 3111 881 3164 est.
927 3103 1031 3164 Nemo
1051 3098 1165 3163 etenim
1187 3110 1247 3177 est,
1263 3100 1319 3186 qui
1341 3126 1402 3167 non
1424 3103 1501 3170 velit

546 3225 612 3266 esse
628 3203 756 3277 beatus3
778 3199 832 3263 sed
849 3198 889 3262 ad
906 3199 965 3262 hoc
980 3199 1068 3282 quod
1084 3198 1276 3281 desiderant,
1291 3224 1353 3265 non
1369 3224 1432 3266 una
1450 3205 1501 3269 via

545 3324 655 3366 omnes
676 3300 839 3364 incedunt.
883 3300 960 3361 Una
982 3313 1087 3363 tamen
1110 3313 1156 3363 est
1180 3302 1329 3364 omnibus
1356 3303 1407 3365 via
1428 3326 1501 3389 pro-

548 3401 662 3488 posita,
684 3399 738 3464 sed
765 3399 853 3486 quasi
881 3411 981 3461 strata
1007 3399 1106 3482 regia,
1132 3399 1289 3463 scinditur
1314 3403 1347 3465 iu
1374 3407 1502 3468 semitas

548 3501 674 3566 multas.
721 3505 802 3566 Haec
821 3513 928 3564 autem
951 3492 1054 3562 vrrns
1069 3511 1129 3563 est.
1174 3503 1257 3564 Nam
1280 3502 1340 3566 nisi
1359 3526 1417 3590 per
1437 3505 1500 3569 vir-

549 3616 663 3680 tutem,
680 3625 772 3666 nemo
791 3601 831 3664 ad
853 3597 1083 3667 beatitudinem
1105 3601 1219 3686 pergit.
1265 3603 1355 3669 Citra
1373 3606 1503 3673 virtutis

546 3727 644 3789 opera
673 3703 756 3766 forte
785 3703 868 3787 quis,
894 3714 926 3765 et
958 3700 1170 3786 proculdubio
1194 3702 1256 3766 fine
1281 3705 1433 3790 operibus
1459 3708 1501 3774 ad

548 3803 779 3868 beatitudinem
810 3801 961 3876 trabitur,
986 3800 1042 3863 sed
1071 3824 1109 3863 eo
1138 3801 1257 3879 nullus,
1281 3806 1343 3868 nisi
1374 3810 1503 3873 virtutis

549 3904 695 3992 passibus
708 3903 824 3989 pergit.
870 3902 982 3966 Virtus
997 3923 1074 3984 ergo
1095 3901 1257 3967 felicitatis
1277 3905 1425 3971 meritum
1441 3922 1501 3984 est,

548 4006 683 4071 felicitas
712 4004 842 4068 virtutis
870 4003 1047 4089 praemium.
1094 4003 1139 4065 Et
1169 4003 1238 4067 haec
1264 4005 1391 4090 quidem
1418 4008 1503 4072 bona

550 4119 625 4171 sunt
655 4128 790 4180 summa,
816 4103 950 4168 alterum
979 4102 1052 4177 viar,
1077 4101 1211 4165 alterum
1242 4100 1366 4187 patriae.
1412 4105 1503 4171 Nihil

548 4207 633 4271 enirn
659 4207 780 4271 virtute
806 4203 1021 4291 praestantius,
1045 4203 1120 4268 dum
1143 4207 1219 4267 exul
1242 4205 1504 4288 peregrinatura

554 4308 700 4384 Domino,
722 4306 799 4371 nibil
821 4305 971 4369 felicitate
990 4304 1115 4378 melius,
1136 4303 1214 4366 dum
1238 4302 1317 4367 civis
1339 4320 1450 4391 regnat
1470 4325 1502 4375 et

550 4407 670 4490 gaudet
686 4431 757 4472 cum
776 4407 923 4473 Domino.
962 4407 1045 4469 Sunt
1060 4417 1168 4467 autem
1186 4402 1255 4468 haec
1270 4404 1417 4472 omnibus
1432 4410 1502 4476 aliis

550 4509 781 4594 praestantiora,
811 4510 884 4592 quin
918 4503 1021 4569 virtus
1059 4503 1164 4566 omnia
1199 4503 1332 4586 agenda,
1369 4506 1503 4576 felicitas
