4084 5634
542 851 612 897 can.
628 833 706 912 xm]
896 850 1152 898 eonacnsrrcns.
1433 841 1498 900 279

540 1013 654 1085 agente
679 1000 891 1066 tumultuarit.
937 1003 983 1065 Et
1009 1001 1140 1086 quidem
1170 1013 1291 1066 constat
1321 1025 1393 1066 cum
1421 1004 1492 1088 ipso

541 1104 692 1168 histrione
700 1102 890 1167 contendero
898 1103 1040 1179 solitum,
1051 1116 1159 1168 utrum
1170 1104 1222 1167 ille
1234 1104 1350 1189 saepius
1359 1104 1489 1169 eandem

539 1205 725 1270 sententiam
749 1204 843 1268 variis
865 1204 1007 1288 gestibus
1029 1204 1175 1284 efficeret,
1197 1228 1237 1270 an
1260 1206 1327 1290 ipse
1350 1226 1407 1290 per
1428 1207 1491 1271 elo-

539 1310 679 1394 quentiae
694 1307 829 1393 copiam,
845 1328 987 1369 sermone
1002 1305 1127 1369 diverso
1142 1309 1375 1392 pronunciaret.
1410 1310 1491 1385 Qum

538 1434 586 1475 res
602 1410 642 1474 ad
657 1411 739 1473 hanc
754 1407 832 1472 artis
847 1431 913 1472 suae
930 1407 1080 1471 fiduciam
1097 1409 1247 1473 Roscium
1269 1409 1436 1486 abstraxit,
1453 1424 1490 1475 ut

538 1513 653 1578 librum
675 1512 895 1587 conscriberet,
911 1534 978 1596 quo
999 1510 1210 1597 eloquentiam
1231 1535 1304 1576 cum
1327 1511 1491 1576 histrionia

538 1623 745 1700 compararet.
785 1612 819 1676 ls
833 1624 882 1676 est
898 1611 1043 1686 Roscius,
1061 1611 1116 1697 qui
1139 1613 1233 1675 etiarn
1250 1612 1349 1696 Syllae
1368 1611 1491 1677 carissi·

538 1736 609 1777 mus
624 1714 698 1787 fuit,
714 1724 745 1776 et
760 1712 878 1776 annulo
892 1734 989 1776 aureo
1003 1711 1169 1775 abeodem
1184 1711 1339 1776 dictatore
1354 1712 1492 1778 donatus

537 1828 598 1880 est.
642 1818 747 1879 Tanta
761 1828 867 1879 autem
889 1814 952 1878 suit
965 1814 1070 1899 gratia
1089 1831 1121 1879 et
1133 1813 1245 1898 gloria,
1262 1827 1298 1879 ut
1315 1814 1490 1878 mercedem

538 1916 685 1980 diurnam
697 1917 739 1980 de
748 1916 877 2002 publico
886 1915 971 1980 mille
980 1916 1127 1981 denarios
1136 1916 1201 1980 sine
1209 1917 1393 2003 gregalibus
1403 1915 1492 1983 solus

539 2017 706 2104 acciperet.
751 2022 908 2104 AEsopum
929 2040 1061 2104 quoque
1083 2039 1121 2082 ex
1145 2019 1212 2104 pari
1234 2031 1302 2082 arte
1324 2018 1491 2084 ducenties

540 2119 716 2184 sestertium
733 2118 897 2204 reliquisse
909 2131 1042 2184 constat.
1077 2119 1139 2182 Sed
1151 2119 1270 2184 utinam
1282 2120 1305 2183 si
1318 2119 1490 2185 histriones

539 2219 689 2284 ridentur
710 2219 752 2282 ob
773 2219 994 2285 auctoritatem
1021 2220 1194 2297 Ciceronis,
1207 2233 1238 2283 et
1263 2219 1490 2305 predictorum

539 2310 683 2399 heroum,
699 2322 730 2385 in
753 2334 872 2385 coetum
894 2321 1084 2407 sapientium
1108 2321 1310 2398 admittendi,
1332 2321 1492 2406 eligantur-

540 2425 656 2487 Roscio
678 2423 805 2497 similes,
820 2437 852 2487 et
874 2423 1008 2508 AEsopo,
1029 2423 1086 2508 qui
1108 2423 1168 2486 etsi
1191 2445 1252 2486 non
1271 2422 1387 2504 facere,
1402 2423 1491 2509 quod

539 2538 644 2589 tamen
667 2525 714 2587 illi
740 2537 903 2598 noverant,
929 2524 978 2587 vel
1004 2523 1181 2609 intelligere
1203 2523 1302 2587 libros
1324 2523 1435 2602 sciant,
1458 2538 1491 2590 et

538 2637 696 2686 amatores
718 2623 780 2687 sint
798 2623 915 2708 potius,
936 2645 1031 2708 quam
1055 2622 1295 2708 impugnatores
1315 2623 1492 2703 literarum,

538 2747 620 2811 quas
641 2747 733 2789 nemo
754 2747 894 2811 unquam
919 2725 1054 2808 sapiens,
1068 2737 1125 2788 aut
1147 2725 1251 2789 bonus
1272 2725 1347 2790 odio
1369 2726 1491 2793 habuit.

541 2827 725 2892 Ciceronem
746 2825 843 2889 refert
859 2825 1004 2890 Valerius
1027 2824 1134 2890 literas
1155 2829 1393 2914 contempsisse,
1410 2843 1442 2894 et
1457 2829 1491 2894 iu

539 2939 725 3011 contemptu
740 2927 810 3012 ipso
829 2924 928 2989 fuisse
942 2926 1063 2989 sontem
1081 2926 1391 2992 abundantissimum
1407 2928 1493 2995 litte

539 3049 659 3106 rarum,
676 3028 718 3093 ob
735 3029 795 3092 hoc
811 3028 894 3092 forte
909 3028 995 3112 quod
1013 3027 1156 3093 studium
1171 3029 1307 3114 negotiis
1322 3042 1492 3117 postpone·

538 3131 603 3196 bat.
633 3132 717 3195 Nam
727 3130 843 3196 institit
858 3132 903 3194 eis
918 3131 1026 3208 etiam,
1038 3131 1116 3196 dum
1129 3132 1333 3218 contempsit:
1357 3133 1491 3218 ipseque

538 3246 741 3319 contemptus
756 3232 928 3308 Ciceronis,
941 3233 1116 3297 multorum
1129 3232 1234 3297 studio
1250 3232 1490 3299 studiosiores.

541 3335 612 3397 Non
625 3334 716 3398 facile
726 3346 830 3398 tamen
842 3332 1044 3408 crediderim,
1054 3333 1094 3396 ad
1105 3334 1164 3396 hoc
1176 3355 1357 3418 quenquam
1369 3332 1492 3419 impelli

539 3458 630 3522 posse
645 3436 832 3508 litteratum,
848 3447 885 3500 ut
900 3433 1084 3499 histrionem
1101 3434 1299 3520 profiteatur,
1310 3434 1382 3499 licet
1397 3432 1492 3500 facile

539 3537 742 3602 inveniantur
763 3535 1003 3622 quamplurimi,
1024 3560 1107 3622 quos
1126 3558 1188 3600 nou
1211 3535 1312 3622 pudet
1333 3558 1438 3622 agere,
1458 3551 1491 3604 et

539 3640 671 3727 implere
683 3639 847 3705 sordidum
861 3637 1057 3704 histrionem.
1087 3643 1207 3705 Gestus
1217 3638 1373 3726 siquidem
1386 3640 1492 3727 expri-

540 3754 644 3819 munt,
659 3764 766 3806 rerum
789 3741 925 3807 utilitate
944 3741 1096 3805 deducta.
1134 3742 1253 3807 Fertur
1271 3745 1392 3806 Beatus
1412 3745 1491 3809 Hie·

540 3866 692 3930 ronymus
712 3858 776 3908 tres
797 3866 816 3906 a
838 3865 945 3906 mensa
959 3843 1091 3908 clericos
1112 3842 1294 3918 exclusisse,
1307 3843 1385 3928 quia
1405 3843 1491 3928 ipsus

539 3945 763 4032 incompositos
779 3944 869 4020 vidis,
882 3957 975 4029 turps
988 3943 1108 4008 ducens
1118 3943 1249 4007 honesto
1264 3957 1296 4006 et
1306 3947 1399 4027 gravi
1410 3942 1491 4022 viro,

540 4048 572 4112 in
588 4050 658 4134 ejus
672 4045 830 4110 consortio
844 4046 984 4131 aliquem
1006 4045 1251 4128 incompositum
1267 4045 1410 4110 inveniri.
1447 4049 1493 4112 Et

541 4151 673 4235 quidem
691 4150 750 4213 hoc
766 4148 860 4212 laude
875 4148 987 4232 majori
1006 4147 1141 4232 dignum
1157 4158 1215 4222 est,
1233 4168 1329 4233 quam
1345 4147 1383 4224 si,
1400 4160 1437 4212 ut
1451 4149 1493 4215 ab

543 4249 588 4312 eis
613 4250 809 4330 laudaretur,
834 4249 1026 4314 admitteret.
1065 4249 1158 4314 Licet
1182 4263 1288 4314 autem
1316 4248 1427 4335 aliqua
1451 4250 1492 4316 sit

543 4352 691 4437 voluptas
716 4353 879 4417 oculorum
904 4352 935 4416 in
961 4352 1090 4428 talibus,
1118 4352 1171 4415 vix
1200 4350 1266 4417 siue
1293 4352 1493 4438 turpitudine

544 4455 681 4519 exerceri
696 4455 826 4539 poterit,
840 4454 889 4518 vel
904 4454 1041 4519 admitti.
1081 4458 1141 4520 Est
1161 4469 1193 4519 et
1215 4454 1269 4518 ills
1293 4454 1441 4540 voluptas
1460 4457 1493 4522 in
