4084 5634
656 774 718 837 976
914 790 1049 835 Jonums
1066 791 1345 836 sannsnanrnnsrs
1434 778 1517 851 [nra.
1534 790 1608 839 vrrr.

655 956 687 1006 et
705 940 858 1006 aviditate
880 941 1078 1017 distendunt,
1098 941 1337 1007 circumstantes
1356 966 1464 1008 servos
1484 967 1609 1008 movere

656 1044 754 1119 labra,
771 1067 826 1107 nee
847 1045 880 1107 in
904 1044 963 1107 lroc
985 1044 1126 1130 quidem,
1143 1059 1178 1109 ut
1202 1045 1386 1132 loquantur,
1406 1049 1609 1132 permittunt.

655 1146 755 1228 Virga
783 1168 875 1209 omne
909 1167 1054 1210 murmur
1089 1147 1311 1233 compescitur,
1340 1161 1372 1213 et
1408 1171 1447 1212 ne
1476 1151 1611 1213 fortuita

654 1247 783 1332 quidem
808 1247 993 1311 verberibus
1015 1260 1148 1331 excepta
1170 1262 1256 1312 sunt.
1304 1250 1429 1328 Tussis,
1451 1262 1610 1315 sternuta-

654 1348 990 1433 mentum,singultus,
1003 1371 1119 1433 magno
1135 1349 1218 1412 malo
1235 1350 1344 1414 luitur.
1375 1352 1427 1416 Sic
1439 1353 1487 1428 fir,
1500 1366 1537 1416 ut
1554 1353 1606 1415 isti

653 1451 693 1514 de
705 1451 833 1514 domino
849 1450 1032 1535 loquantur,
1043 1451 1162 1536 quibus
1177 1474 1282 1514 coram
1299 1451 1427 1516 domino
1442 1453 1530 1541 loqui
1543 1475 1606 1516 non

652 1553 736 1618 licet.
767 1556 810 1618 At
825 1550 869 1616 illi
886 1552 1005 1637 quibus
1020 1575 1081 1615 non
1100 1567 1223 1616 tanturn
1239 1554 1448 1639 praesentibus
1459 1555 1606 1635 dominis,

652 1654 706 1719 sed
722 1678 794 1719 curn
807 1654 884 1738 ipsis
898 1667 966 1717 erat
978 1676 1090 1728 sermo,
1104 1677 1241 1739 quorum
1257 1678 1293 1718 os
1305 1677 1365 1718 non
1379 1657 1603 1733 consuebatur,

651 1758 754 1843 parati
770 1769 859 1819 erant
883 1777 941 1839 pro
956 1754 1085 1819 domino
1107 1757 1266 1840 porrigere
1289 1759 1453 1835 cervicem,
1469 1773 1500 1823 et
1521 1760 1604 1846 peri-

650 1857 758 1923 culum
775 1857 941 1920 imminens
956 1859 986 1920 in
1002 1869 1100 1942 eaput
1116 1880 1209 1920 suurn
1227 1872 1358 1924 vertere,
1397 1859 1434 1923 ln
1450 1862 1602 1925 conviviis

651 1960 875 2046 loquebantur,
891 1958 945 2022 sed
970 1959 1002 2022 in
1024 1960 1189 2024 tormentis
1214 1963 1371 2027 tacebant.
1409 1967 1490 2028 Haec
1517 1967 1602 2028 Prae·

650 2077 807 2128 textatus:
835 2075 867 2126 et
882 2062 923 2126 de
938 2061 1001 2125 fide
1016 2084 1176 2126 servorum
1194 2064 1295 2128 multa
1309 2079 1341 2129 et
1362 2067 1512 2150 praeclara
1527 2067 1602 2129 sub-

644 2163 765 2250 jungit,
777 2178 808 2226 et
824 2186 896 2249 qua
912 2177 1014 2227 essent
1028 2164 1058 2226 in
1075 2165 1245 2249 quantavis
1261 2166 1426 2232 nobilitate
1438 2169 1602 2253 sanguinis

648 2267 797 2350 gloriosa,
813 2279 844 2329 et
860 2265 961 2329 cuivis
976 2265 1139 2330 imitanda.
1172 2265 1260 2330 Nihil
1276 2271 1357 2331 enlm
1374 2269 1523 2332 decorum
1540 2284 1599 2344 est,

649 2367 736 2456 quod
750 2390 811 2432 non
824 2391 843 2431 a
855 2368 974 2432 virtute
986 2367 1186 2454 profluxerit,
1201 2383 1232 2432 et
1243 2393 1275 2434 se
1287 2369 1418 2435 invicem
1430 2371 1599 2455 turpitudo

647 2484 680 2534 et
691 2468 1362 2537 citiuminfaustoambitucircumscribunt.
1380 2473 1600 2537 Inbocautem

648 2573 714 2637 solo
737 2573 885 2637 vitiorum
909 2570 1051 2658 impulsu
1074 2571 1209 2657 quisque
1228 2572 1416 2658 prolabitur,
1432 2588 1467 2638 ut
1488 2597 1595 2637 eorum

647 2697 680 2738 se
689 2674 817 2760 dejiciat
828 2686 860 2736 et
872 2673 1027 2736 devoveat
1039 2671 1194 2746 servituti,
1208 2674 1325 2757 quibus
1337 2684 1488 2738 natusest
1500 2675 1598 2761 impe-

646 2797 725 2840 rare.
758 2778 823 2849 Qui
839 2776 878 2839 ad
894 2777 1079 2860 spectacula
1094 2777 1271 2852 confluunt,
1287 2791 1342 2841 aut
1356 2792 1490 2844 evocant
1504 2779 1545 2841 ad
1562 2800 1596 2841 se

645 2878 1597 2963 spectaculainhonesta‚autseips0saffectatisnugisvolunt

644 3001 714 3042 esse
730 2979 915 3060 spectaculo
931 2977 1162 3058 insipientium,
1178 2980 1329 3062 quoniam
1346 2982 1415 3044 lraec
1435 2983 1597 3045 lenocinia

645 3077 791 3140 vanitatis
805 3089 889 3138 recto
902 3075 1038 3159 sapienti
1055 3077 1180 3157 placere
1192 3100 1255 3140 non
1273 3094 1418 3162 possunt,
1431 3084 1595 3145 oculorum

644 3180 813 3264 capiuntur
827 3176 996 3254 illecebris,
1008 3192 1040 3239 et
1055 3178 1131 3241 licet
1145 3180 1254 3244 mitius
1265 3182 1433 3260 elidantur,
1445 3200 1596 3248 cormunt

644 3296 751 3349 tamen
771 3304 791 3346 a
813 3280 966 3364 dignitate
983 3279 1179 3345 conditionis
1194 3304 1271 3361 sum,
1286 3295 1319 3347 ct
1341 3285 1380 3348 ad
1404 3307 1484 3363 cam,
1500 3309 1594 3370 quarn

645 3388 829 3461 diffitentur,
858 3384 1002 3446 servilem
1032 3384 1225 3447 relabuntur.
1282 3385 1367 3458 Quid
1403 3408 1477 3468 crgo
1508 3387 1595 3449 aliud

642 3487 766 3547 faciunt
782 3486 879 3560 mimi,
894 3484 1075 3559 histriones
1089 3486 1231 3569 parasiti,
1247 3499 1279 3548 et
1298 3487 1480 3569 hujusmodi
1505 3509 1592 3548 rnon-

642 3597 705 3644 stra
720 3583 896 3657 bominum,
907 3582 968 3641 nisi
986 3582 1070 3662 quod
1087 3584 1226 3664 ineptam
1243 3586 1439 3647 convincunt
1454 3586 1592 3647 felicium

640 3676 847 3744 servitutem?
878 3677 943 3742 Sed
966 3690 998 3739 et
1019 3680 1065 3741 illi
1093 3681 1148 3763 qni
1172 3684 1292 3745 coculis
1317 3684 1495 3766 capiuntur,
1519 3688 1593 3749 licet

640 3782 762 3847 aurium
778 3801 890 3842 sensus
911 3778 1099 3861 purissimus
1121 3795 1153 3844 et
1175 3781 1438 3847 deliacatissirnns
1461 3788 1512 3863 sit,
1530 3810 1593 3850 ser-

642 3886 733 3948 viunt
747 3880 888 3965 quidem,
897 3881 979 3965 jugo
994 3894 1100 3944 tamen
1118 3895 1304 3965 premuntur
1320 3887 1446 3964 mitiori,
1464 3892 1490 3952 si
1514 3893 1592 3953 alias

642 4010 704 4051 non
721 3986 913 4070 praevaleant
928 3984 1011 4046 vitia.
1059 3987 1142 4047 Nam
1159 3996 1189 4046 et
1207 3988 1247 4049 ab
1264 3989 1382 4051 olfactu
1400 3993 1453 4053 rix
1476 3993 1592 4074 aliquis

641 4091 771 4152 omnino
793 4087 927 4168 capitur,
942 4087 1002 4148 nisi
1028 4087 1106 4149 sorte
1131 4089 1351 4170 Lotophagon]
1376 4094 1467 4156 vivat.
1516 4096 1589 4156 Non

640 4190 763 4274 aliquid
787 4188 938 4251 adversus
961 4199 1119 4262 carrtoreS,
1136 4203 1190 4252 aut
1212 4193 1352 4253 musicos
1374 4207 1471 4267 struo,
1492 4218 1590 4279 quum

639 4307 718 4355 teste
741 4290 952 4362 Quintiliano,
978 4287 1115 4365 Valerio,
1139 4291 1299 4364 Flaviano,
1323 4304 1353 4354 et
1377 4296 1447 4357 aliis
1472 4298 1589 4369 multis,

639 4397 787 4457 Socrates
797 4383 891 4453 etiarn
903 4391 934 4452 iu
945 4402 1109 4454 senectute
1122 4388 1268 4455 didicerit
1282 4397 1445 4474 musicam,
1457 4400 1590 4462 credens
