4084 5634
545 865 615 910 nae.
630 846 733 927 xv1.]·
886 861 1141 909 ronrcaaucns.
1257 835 1261 842 ’
1456 848 1497 905 39

544 1015 692 1081 civilibus
719 1015 846 1092 fuderit,
869 1017 973 1079 noluit
1002 1014 1172 1094 annotari]
1232 1010 1340 1094 Signis
1370 1014 1495 1077 collatis

542 1115 754 1198 quinquagies
776 1127 810 1179 et
827 1115 880 1179 bis
902 1115 1076 1180 dimicavit.
1122 1116 1173 1177 M.
1195 1113 1385 1177 Marcellum
1405 1113 1494 1176 solus

541 1237 773 1298 supergressus,
794 1216 848 1298 qui
870 1216 980 1279 novies
1002 1225 1034 1278 et
1054 1215 1160 1276 tricies
1183 1214 1251 1295 pari
1277 1210 1373 1275 modo
1393 1212 1494 1275 suerat

539 1317 711 1397 praeliatus.
754 1315 805 1378 Ad
835 1316 906 1379 haec
936 1315 1043 1378 nullus
1067 1315 1203 1378 celerius
1234 1313 1372 1395 scripsit,
1396 1334 1491 1376 nemo

540 1416 683 1480 velocius
708 1417 799 1496 legit,
820 1427 992 1500 quaternas
1016 1416 1112 1478 etiam
1135 1414 1287 1498 epistolas
1308 1414 1491 1496 perhibetur

537 1518 633 1580 simul
648 1517 798 1582 dictasse.
845 1518 1053 1597 Benignitate
1072 1515 1153 1579 aden
1172 1514 1337 1598 proeditns,
1353 1524 1390 1577 ut
1409 1536 1489 1598 quos

538 1619 635 1683 armis
650 1620 827 1701 subegerat,
844 1617 1015 1681 clementia
1030 1617 1131 1697 magis
1146 1617 1265 1679 vicerit.

618 1813 699 1895 Cap.
718 1816 767 1874 lu.
795 1811 873 1876 Quae
887 1810 1072 1873 nostratibus
1086 1810 1170 1872 malo
1181 1813 1364 1891 montalent
1377 1813 1416 1874 ob

866 1911 1158 1994 indisciplinatione.

586 2046 655 2106 San
680 2045 756 2128 quid
779 2046 933 2130 majorum
957 2047 1103 2109 virtutem
1127 2047 1258 2129 replico,
1281 2056 1312 2109 et
1334 2045 1486 2110 revolvo?

541 2144 668 2208 Defecit
683 2155 762 2209 aetas
783 2157 901 2220 nostra,
917 2156 950 2208 et
971 2146 1035 2209 fere
1057 2145 1099 2208 ad
1122 2146 1258 2209 nihilum
1281 2145 1411 2209 redacta
1433 2157 1490 2222 est,

540 2246 715 2309 honoribus
751 2247 948 2323 intumescit,
981 2247 1138 2309 honorum
1177 2247 1327 2310 nesciens
1361 2246 1488 2327 gradus,

540 2348 679 2410 vanitate
690 2347 856 2410 nominum
868 2347 1052 2420 delectatur,
1065 2357 1226 2410 contemta
1240 2369 1342 2410 rerum
1353 2348 1491 2410 vanitate

539 2461 571 2513 et
594 2449 710 2512 fructu.
757 2449 895 2525 Aleator,
917 2469 1048 2531 auceps,
1072 2449 1223 2532 quodque
1245 2449 1347 2528 magis
1369 2449 1491 2524 mirere,

539 2551 730 2626 stulticines,
752 2560 785 2612 et
807 2550 863 2633 qui
883 2569 1047 2632 nunquam
1069 2549 1171 2609 virilis
1190 2560 1414 2622 tractaverunt,
1434 2547 1491 2610 sed

540 2661 737 2732 nequeunte
751 2651 933 2712 habuerunt
946 2649 1064 2723 officia,
1077 2669 1174 2729 quum
1187 2648 1228 2709 ad
1239 2668 1337 2728 opera
1351 2647 1491 2710 lascivis)

540 2750 606 2831 pilo
628 2750 809 2823 fruticante,
829 2758 968 2830 cuteque
989 2747 1136 2809 indurata
1159 2758 1310 2829 tanquam
1333 2749 1492 2815 inhabiles

539 2849 759 2931 reprobantur,
770 2846 903 2909 militem
919 2846 1067 2924 induunt,
1080 2847 1310 2929 primipilatum
1326 2848 1491 2913 ducatum·

538 2970 601 3032 que
624 2953 786 3022 affectant,
803 2961 835 3010 et
856 2947 1059 3010 seductores
1080 2959 1112 3010 et
1135 2947 1281 3010 doctores
1300 2950 1491 3032 pollicentur

539 3049 648 3126 officii,
660 3048 747 3132 qnod
763 3069 927 3131 nunquam
943 3046 1134 3110 didicerunt.
1181 3048 1279 3110 Porro
1290 3051 1414 3114 nullum
1430 3073 1489 3114 un·

539 3171 634 3233 quam
647 3149 813 3232 imperium
826 3150 872 3213 sic
885 3150 985 3212 virtus
997 3149 1063 3211 ulla
1078 3149 1229 3224 dilatavit,
1245 3150 1338 3233 cujus
1353 3152 1408 3214 isti
1424 3173 1490 3216 uon

539 3249 702 3312 sufficiunt
716 3249 900 3310 contrahere
917 3249 1009 3322 fines,
1021 3260 1076 3310 aut
1092 3248 1223 3310 omnino
1234 3249 1316 3310 vires
1328 3271 1490 3314 evacuare.

541 3349 576 3411 Si
590 3347 671 3409 mihi
685 3366 751 3409 non
767 3346 882 3422 credis,
891 3348 944 3408 vel
959 3347 1111 3428 operibus
1127 3347 1231 3409 crede.
1262 3346 1367 3412 Pudet
1376 3350 1493 3430 dicere,

540 3447 629 3530 quod
644 3446 737 3509 dolor
751 3456 810 3524 est,
822 3456 854 3510 et
868 3446 1047 3528 ignominia
1061 3446 1226 3509 sustinere.
1272 3449 1358 3510 Dum
1372 3464 1492 3516 armata

538 3548 634 3611 nobis
655 3548 767 3610 militia
789 3547 901 3622 stertit,
925 3546 999 3609 dum
1026 3547 1164 3609 alienam
1187 3560 1374 3630 expugnant
1395 3551 1490 3633 pudi-

539 3648 657 3726 citiam,
677 3668 768 3712 suam
790 3647 994 3729 prostituunt,
1016 3645 1093 3708 dum
1116 3646 1272 3709 nobilium
1293 3649 1492 3714 circumeunt

539 3748 663 3823 domos,
693 3748 838 3811 convivia
873 3749 1055 3830 explorant,
1084 3758 1119 3809 ut
1149 3749 1317 3828 epulentur
1346 3752 1490 3831 quotidie

538 3847 718 3932 splendide,
733 3847 811 3910 dum
830 3849 987 3929 ampullas
1008 3847 1183 3930 projiciunt
1201 3859 1233 3910 et
1253 3851 1491 3934 sesquipedalia

540 3952 648 4024 verba,
664 3950 733 4012 sine
748 3971 859 4012 cruore
881 3948 1077 4012 trucidantes
1097 3950 1275 4013 Saracenos
1296 3961 1329 4013 et
1344 3951 1488 4031 Parthos,

539 4050 623 4114 etsi
646 4049 725 4131 quid
748 4049 837 4113 aliud
858 4048 968 4112 hostili
991 4061 1140 4112 censetur
1163 4051 1304 4127 nomine,
1327 4049 1403 4113 dum
1428 4051 1490 4114 hoc

540 4151 665 4215 faciunt
675 4150 791 4213 milites
807 4148 947 4231 gloriosi.
989 4149 1203 4213 Nivicolliuus
1215 4149 1390 4212 indomitus
1404 4152 1490 4213 inso-

541 4249 647 4327 lescit,
671 4249 809 4310 inermes
835 4248 985 4309 Britones
1009 4247 1237 4323 intumescunt,
1260 4248 1413 4328 ipsosque
1437 4253 1491 4335 qui

543 4346 691 4411 dicuutur
714 4346 850 4411 Palatini
873 4348 1016 4421 comites,
1039 4358 1071 4409 et
1092 4366 1202 4425 regum
1220 4347 1374 4427 sanguine
1397 4353 1490 4432 glori·

542 4457 646 4523 antur,
659 4449 722 4510 sere
737 4447 778 4509 ad
799 4446 994 4510 deditionem
1010 4446 1216 4526 compellunt,
1233 4455 1265 4508 et
1288 4451 1376 4530 qrrasi
1392 4455 1490 4517 tribu-
