4084 5634
555 845 597 908 32
816 856 952 901 Joauurs
966 852 1248 899 sasnsunnrsusrs
1367 838 1449 917 [tra.
1465 856 1508 902 vr.

555 1013 680 1088 ductos,
695 1011 727 1072 in
745 1018 922 1092 conspeetu
938 1007 1074 1071 militum
1091 1007 1194 1072 securi
1209 1007 1375 1089 percussit.
1417 1009 1508 1072 Idem

553 1125 662 1176 toruos
682 1131 724 1173 ex
744 1109 907 1184 centuriis,
922 1129 1057 1192 quarum
1079 1109 1174 1173 statio
1196 1110 1238 1171 ab
1252 1107 1344 1171 hoste
1360 1119 1510 1193 perrupta

552 1223 631 1286 erat,
654 1210 782 1274 addixit
804 1209 919 1272 securi.
965 1210 1005 1282 Q.
1028 1206 1148 1272 Fabius
1172 1210 1350 1285 Maximus,
1372 1211 1508 1273 transtu·

553 1335 662 1395 garum
686 1312 816 1376 dextras
838 1310 992 1394 praecidit
1041 1313 1090 1375 M.
1110 1312 1192 1376 Cato
1215 1309 1346 1374 tradidit
1366 1311 1401 1373 in
1423 1312 1507 1376 furto

552 1414 760 1500 deprehensis
790 1414 871 1476 inter
900 1413 1146 1491 commilitones,
1170 1412 1301 1476 dextras
1326 1433 1395 1476 esse
1424 1434 1506 1496 proe·

552 1516 644 1593 cisas,
658 1527 714 1578 aut
732 1514 761 1579 si
780 1514 953 1595 benignius
968 1515 1002 1576 in
1018 1535 1104 1577 raum
1121 1514 1372 1577 animadvertere
1389 1516 1505 1579 soluis-

551 1617 635 1696 sent,
649 1618 682 1680 in
698 1617 867 1701 principiis
887 1618 1077 1698 sauguinem
1099 1618 1241 1681 missum.
1286 1616 1410 1679 Seditio
1426 1639 1505 1701 quo-

551 1740 614 1802 que
631 1719 767 1781 securim
783 1727 945 1801 provocat,
960 1718 1004 1780 ita
1018 1730 1127 1781 tamen
1143 1729 1178 1780 ut
1195 1739 1253 1801 pro
1269 1717 1397 1780 arbitrio
1413 1717 1504 1782 ducis

550 1821 583 1883 iu
614 1841 712 1903 poena
740 1840 926 1903 paucorum,
953 1820 1107 1883 securitas
1136 1832 1169 1883 et
1197 1821 1289 1904 quies
1318 1818 1503 1903 reipublicae

548 1920 742 1985 reformetur.
795 1920 902 1983 Julius
928 1920 1038 1984 Caesar
1067 1932 1136 1983 orta
1165 1920 1325 1983 seditione
1355 1919 1503 1994 militum,

548 2024 661 2107 paucis
689 2023 860 2106 percussis,
891 2035 994 2086 castra
1025 2022 1155 2087 sedasse
1184 2022 1313 2103 legitur,
1342 2033 1376 2085 et
1404 2021 1502 2085 fidem

548 2124 684 2188 militum
700 2144 874 2208 reparasse.

549 2398 628 2482 Cap.
648 2404 696 2463 la.
722 2398 832 2468 Quare
857 2401 989 2483 cingulo
1011 2400 1187 2480 priventur·
1208 2398 1339 2474 milites,
1361 2403 1394 2458 et
1415 2397 1502 2479 quod

589 2508 824 2564 exauctoratus
839 2522 902 2564 arou
918 2499 1014 2563 habet
1030 2499 1165 2582 aliquod
1182 2519 1256 2560 cum
1275 2496 1387 2578 plodio
1402 2497 1500 2559 telove

588 2607 866 2680 commerciuur,et
883 2621 983 2686 quare
995 2601 1129 2683 gladius
1144 2600 1285 2662 insertus
1299 2605 1345 2661 eat
1360 2599 1498 2678 cingulo.

588 2738 651 2801 Frr
680 2736 839 2801 interdum
869 2746 905 2799 ut
934 2757 976 2800 ex
1002 2733 1121 2799 delicto
1150 2756 1210 2798 suo
1240 2736 1380 2819 privetur
1408 2735 1500 2798 miles

545 2838 665 2900 militiae
689 2839 830 2916 cingulo,
851 2838 884 2898 iu
908 2837 959 2898 his
982 2839 1132 2911 maxime,
1147 2838 1202 2900 ubi
1226 2838 1390 2919 sacrilegia
1412 2858 1499 2901 com-

544 2937 720 2998 mittuntur.
769 2936 875 2995 Veteri
890 2956 1028 3016 namque
1040 2937 1112 3015 jure
1128 2948 1279 2997 statutum
1296 2949 1354 3011 est,
1366 2949 1399 2999 et
1413 2958 1498 3000 noro

544 3057 610 3099 nou
633 3047 684 3098 est
704 3034 870 3108 abolitum,
886 3042 920 3094 ut
936 3034 991 3116 qui
1014 3055 1077 3095 non
1102 3029 1225 3096 servato
1247 3036 1370 3098 militiae
1392 3058 1497 3100 sacra·

544 3146 663 3212 mento,
678 3134 862 3216 religionem
880 3155 974 3216 quam
992 3134 1169 3217 profitetur,
1184 3134 1363 3218 impugnat,
1375 3138 1496 3221 cinguli

543 3237 715 3301 amissione
731 3237 910 3298 mulctetur.
955 3235 1069 3298 Fertur
1088 3235 1150 3298 hoc
1166 3233 1273 3300 edicto
1287 3239 1394 3303 Julius
1409 3261 1496 3303 com·

542 3340 706 3424 pescuisse
736 3338 871 3401 militem
901 3359 1005 3415 suum,
1032 3337 1162 3422 quando
1192 3341 1301 3404 urbem
1332 3342 1496 3424 ingressis,

543 3465 608 3506 non
637 3443 730 3504 licuit
759 3441 905 3502 homines
933 3443 1083 3524 spoliare,
1109 3454 1163 3505 aut
1191 3447 1311 3528 templa
1340 3449 1496 3521 Deorum,

543 3542 631 3627 quod
654 3540 682 3603 ei
705 3539 909 3624 postmodum
932 3540 1172 3621 ingravescente
1194 3544 1352 3609 seditione
1374 3545 1493 3626 impro-

541 3653 667 3728 perant.
728 3640 922 3704 Numinibus
951 3663 1091 3727 namque
1122 3645 1277 3711 Romanis
1306 3646 1492 3728 civibusque

537 3744 646 3829 jurati,
675 3761 862 3826 oppugnare
892 3763 957 3805 non
991 3755 1149 3827 poterant,
1178 3768 1260 3830 quos
1294 3757 1491 3809 sacramento

541 3845 663 3908 militiae
693 3856 900 3926 susceperant
928 3843 1159 3910 defendendos.
1215 3849 1266 3911 Sic
1298 3868 1424 3930 quoque
1452 3846 1488 3910 C.

541 3946 640 4010 Curio
651 3945 736 4008 bello
750 3942 933 4007 Dardanico
952 3945 1038 4009 cirea
1053 3946 1383 4028 Dyrrachium,quum
1393 3966 1490 4008 unam

540 4049 581 4114 de
597 4047 739 4133 quinque
761 4045 941 4127 legionibus
963 4046 1148 4110 seditiosam
1169 4046 1308 4120 vidisset,
1324 4066 1393 4109 eam
1416 4068 1490 4130 pro·

539 4149 655 4216 cedere
679 4147 779 4232 jussit
805 4148 969 4224 inermem,
991 4147 1236 4230 decinctamque
1259 4146 1290 4209 iu
1314 4160 1489 4232 conspeetu

538 4251 650 4313 armati
665 4249 824 4313 exercitus
846 4257 1021 4311 stramenta
1036 4247 1143 4328 coegit
1161 4268 1278 4311 secare.
1324 4248 1488 4316 Postremo

539 4362 645 4412 autem
668 4350 721 4413 die
745 4348 889 4413 similiter
910 4349 1028 4410 fossam
1052 4346 1230 4410 discinctos
1245 4349 1361 4415 milites
1376 4352 1489 4434 facere,

537 4450 699 4533 nullisque
722 4449 873 4532 precibus
898 4449 1036 4531 legionis
1061 4449 1220 4531 impetrari
1244 4454 1285 4516 ab
1309 4473 1348 4517 eo
1372 4456 1487 4538 potuit,
