4084 5634
635 817 695 878 106
890 827 1028 874 tonitrus
1044 827 1324 877 sanusnsnransrs
1428 811 1509 890 [tra.
1527 830 1586 874 vu.

633 979 739 1044 omnia
753 977 894 1063 optanda
907 976 1138 1062 complectitur.
1184 976 1333 1040 Felicitas
1350 991 1452 1041 tamen
1469 979 1582 1043 virtuti

634 1090 776 1164 praestat,
806 1082 884 1164 quia
908 1080 940 1142 in
970 1079 1117 1142 omnibns
1142 1077 1346 1164 praestantius
1371 1092 1430 1156 est,
1454 1094 1584 1165 propter

633 1177 720 1264 quod
751 1177 884 1263 aliquid,
913 1201 1011 1265 quam
1041 1177 1129 1264 quod
1158 1192 1290 1264 propter
1318 1178 1449 1264 aliquid.
1510 1181 1582 1242 Non

634 1278 718 1343 enim
737 1277 812 1344 felix
834 1293 882 1344 est
902 1280 974 1366 quis
996 1291 1034 1344 ut
1052 1293 1136 1344 recte
1154 1293 1248 1364 agat3
1273 1279 1327 1343 sed
1347 1293 1431 1344 recte
1450 1281 1529 1364 agit,
1549 1293 1584 1343 ut

634 1379 770 1444 feliciter
785 1381 881 1444 vivat.
920 1381 1016 1446 Unde
1031 1393 1061 1446 et
1079 1380 1275 1448 Socraticum
1291 1380 1369 1446 illud
1386 1382 1417 1445 in
1435 1383 1584 1445 Saturna-

633 1479 747 1545 liorum
775 1481 857 1546 libro
885 1482 1054 1547 laudatur:
1094 1482 1220 1546 Multos
1249 1482 1392 1548 homines
1416 1496 1585 1568 propterea

634 1582 715 1647 velle
729 1582 846 1661 virere,
861 1598 896 1649 ut
916 1585 1045 1648 ederent
1068 1598 1100 1649 et
1117 1585 1282 1657 biberent;
1314 1607 1346 1647 se
1365 1583 1473 1648 bibere
1488 1596 1585 1670 atque

634 1706 710 1759 esse,
728 1696 764 1749 ut
780 1686 909 1749 viveret.
953 1685 1066 1748 Unum
1082 1684 1183 1768 igitur
1203 1696 1235 1748 et
1251 1682 1410 1768 singulare
1426 1705 1584 1746 summum

633 1783 775 1846 omnium
796 1783 949 1847 bonorum
974 1784 1140 1848 beatitudo
1162 1796 1221 1863 est,
1236 1784 1290 1846 sed
1309 1784 1350 1847 ab
1372 1806 1409 1846 eo
1431 1797 1478 1846 est
1499 1781 1587 1847 aliud

633 1884 870 1970 quodammodo
891 1885 1091 1971 quorundam
1115 1884 1282 1948 collatione
1305 1907 1474 1965 summum,
1494 1899 1525 1948 ct
1548 1907 1586 1947 eo

633 1986 704 2071 ipso
724 1988 870 2070 superius
889 1984 970 2059 aliis,
985 1984 1073 2071 quud
1095 1984 1136 2048 ad
1159 1983 1260 2061 aliud,
1276 1985 1366 2071 quod
1387 2008 1459 2049 vere
1481 1985 1587 2068 singu-

635 2086 743 2152 lariter
772 2100 804 2151 et
833 2089 924 2151 unice
953 2108 1114 2149 summum
1148 2098 1207 2164 est,
1236 2085 1425 2150 familiarius
1454 2085 1586 2149 accedit.

637 2188 796 2252 Caeterum
825 2187 866 2251 ad
896 2186 1040 2250 neutrius
1070 2185 1362 2272 apprehensionem,
1392 2185 1450 2248 nisi
1484 2186 1586 2269 philo-

636 2287 746 2373 sophia
771 2287 863 2367 duce,
884 2287 1025 2350 humana
1051 2285 1219 2351 infirmitas
1240 2285 1438 2350 convalescit.
1492 2287 1588 2363 Quis-

636 2389 709 2475 quis
728 2388 811 2452 enim
831 2388 897 2452 sine
915 2411 953 2452 ea
975 2387 1015 2451 od
1039 2386 1246 2451 beatitudinis
1261 2387 1343 2450 viam
1364 2386 1479 2466 tendit,
1493 2388 1587 2473 quasi

634 2512 738 2554 caecus
749 2492 780 2555 in
793 2489 917 2553 lubrico
925 2488 1069 2565 tendens,
1078 2488 1118 2551 ad
1131 2488 1195 2552 alta
1206 2499 1481 2574 praesumptuosus
1489 2486 1585 2552 cadit.

635 2592 732 2656 Unde
746 2613 814 2656 eam
830 2590 1011 2655 divinarum
1022 2607 1055 2654 et
1066 2590 1276 2654 humanarum
1289 2611 1394 2653 rerum
1406 2602 1584 2676 compotem

634 2715 712 2772 esse,
724 2691 924 2779 Chrysippus
938 2691 1080 2767 asseruit,
1091 2713 1149 2755 nec
1164 2714 1305 2778 unquam
1322 2691 1398 2755 satis
1412 2713 1503 2777 posse
1520 2690 1588 2754 lan-

634 2793 717 2871 dari,
730 2817 803 2879 quae
826 2794 904 2857 vitia
925 2793 1068 2881 expellit,
1085 2792 1220 2856 virtutes
1241 2792 1380 2856 ostendit
1395 2806 1427 2855 et
1450 2792 1584 2868 confert,

635 2906 668 2956 et
689 2894 721 2955 in
746 2894 884 2957 humana
903 2893 1088 2957 infirmitate
1113 2892 1252 2955 divinem
1277 2891 1514 2976 quodammodo
1538 2915 1587 2954 re-

635 3003 728 3077 parat
749 2991 974 3074 integritatem.
1019 2994 1065 3054 Et
1084 3004 1120 3054 ut
1142 3013 1267 3053 sensum
1290 3014 1383 3055 snum
1407 2991 1587 3076 expressius

635 3090 788 3178 proferat,
803 3111 910 3151 omnes
926 3090 981 3175 qui
998 3112 1059 3152 non
1075 3091 1116 3155 ab
1130 3089 1195 3167 illa,
1213 3091 1260 3154 vel
1283 3091 1324 3155 ad
1339 3092 1424 3156 illam
1441 3091 1585 3177 vigilant,

636 3189 725 3278 quod
736 3204 839 3255 tamen
850 3189 890 3253 ab
901 3188 954 3252 illa
963 3203 1007 3253 est
1014 3239 1024 3269 ,
1033 3189 1139 3254 brutis
1149 3190 1337 3257 animalibus
1349 3191 1427 3256 dicit
1437 3215 1504 3256 esse
1515 3214 1588 3256 con-

635 3292 763 3372 formes,
774 3291 838 3355 imo
848 3303 880 3356 et
896 3290 1091 3378 stupendum
1106 3305 1218 3359 eontra
1228 3307 1373 3358 naturam
1386 3293 1586 3370 miraculum,

636 3397 669 3461 in
681 3393 867 3480 corporibus
878 3391 1025 3456 humanis
1036 3392 1149 3457 brutos
1163 3393 1305 3458 homines
1316 3418 1391 3460 esse.
1423 3396 1503 3459 Tria
1512 3419 1588 3459 vero

635 3513 752 3578 genera
767 3491 942 3567 hominum,
958 3493 1014 3575 qui
1030 3492 1172 3556 homines
1192 3506 1284 3557 sunt:
1309 3495 1387 3558 alios
1406 3495 1489 3557 enim
1510 3494 1588 3557 bru·

634 3607 684 3657 tos
697 3611 765 3652 esse
776 3590 917 3653 asseruit.
957 3590 1024 3652 Alii
1036 3590 1117 3652 enim
1129 3593 1196 3674 jam
1208 3592 1409 3677 jocunditate
1421 3594 1586 3678 sapientire

636 3690 854 3777 perfruuntur,
877 3700 909 3750 et
933 3688 963 3750 hi
987 3689 1144 3771 sapientes
1166 3704 1260 3765 sunt,
1294 3691 1347 3754 alii
1369 3693 1524 3757 accedunt
1550 3707 1585 3758 ut

635 3791 797 3866 fruantur,
820 3800 851 3851 et
881 3787 913 3850 hi
939 3802 1013 3853 sunt
1040 3788 1239 3876 philosophi3
1272 3792 1325 3856 alii
1355 3793 1517 3880 adspirant
1544 3795 1586 3859 ad

635 3889 861 3966 accedendum,
877 3886 994 3954 scilicet
1009 3889 1065 3977 qui
1086 3890 1227 3956 nondum
1251 3906 1336 3974 sunt,
1351 3907 1382 3957 et
1403 3917 1471 3958 esse
1485 3895 1588 3981 philo-

635 3990 726 4078 sophi
752 3988 990 4076 concupiscunt.
1036 3991 1170 4055 Constat
1192 3993 1274 4056 enim
1299 4017 1486 4080 essequam
1514 3994 1588 4080 plu·

636 4091 743 4167 rimos,
767 4092 823 4177 qui
846 4088 987 4154 nondum
1013 4088 1289 4176 philosophantur,
1313 4107 1345 4156 et
1365 4092 1462 4156 vitam
1484 4094 1586 4179 philo-

637 4193 808 4279 sophorum
825 4190 850 4254 si
869 4213 931 4254 non
950 4213 1056 4277 opere,
1071 4191 1181 4255 saltem
1205 4192 1362 4257 desiderio
1383 4199 1583 4261 aemulantur.

637 4298 710 4380 Ego
729 4295 916 4358 sententiam
935 4294 1004 4379 ejus
1024 4305 1114 4358 tanto
1134 4296 1276 4359 securius
1295 4297 1448 4383 approbo,
1463 4314 1586 4384 quanto

637 4419 704 4464 eom
716 4395 791 4459 mihi
805 4395 911 4460 videre
921 4395 1030 4460 videor
1042 4396 1140 4459 sancti
1158 4395 1296 4482 Spiritus
1311 4398 1499 4464 auctoritate
1511 4401 1585 4464 sub·
