4084 5634
544 831 614 875 car.
629 814 706 894 xm]
881 831 1137 878 nocrcnnrrcos.
1434 818 1494 879 leo

543 1003 685 1044 sermone
700 981 794 1058 diem,
811 996 842 1047 et
858 980 935 1045 nihil
952 983 1081 1047 omnino
1102 982 1225 1059 dicunt,
1242 996 1297 1047 aut
1319 984 1497 1050 minimum.

543 1085 595 1148 Tu
621 1085 764 1150 defessus
789 1107 823 1148 es
844 1084 1015 1164 audiendo,
1037 1101 1068 1148 et
1091 1086 1118 1149 is
1140 1085 1200 1148 nisi
1223 1086 1384 1150 verbosior
1404 1100 1496 1163 esset,

543 1182 703 1271 loquendo
726 1185 912 1272 perfatigari
942 1200 1108 1271 potueram
1144 1209 1210 1272 quo
1235 1196 1340 1251 tamen
1372 1188 1495 1266 tendat,

541 1300 598 1350 aut
609 1287 688 1373 quid
699 1287 786 1367 velit,
798 1285 938 1349 nondum
951 1287 1109 1371 intelligis.
1142 1290 1193 1351 Tu
1211 1289 1305 1350 finem
1321 1301 1498 1373 exspectas,

541 1386 595 1451 ille
617 1388 758 1452 nondum
780 1388 908 1452 initium
929 1388 1015 1452 fecit.
1061 1389 1171 1453 Perfer
1192 1402 1308 1466 tamen,
1330 1402 1365 1453 ut
1386 1391 1496 1456 videas

541 1512 606 1575 qua
621 1489 768 1554 exiturus
783 1490 839 1563 sit;
864 1490 1011 1574 recollige
1026 1490 1166 1565 tandem,
1183 1513 1255 1574 quae
1275 1492 1448 1569 contexuit,
1464 1505 1496 1555 et

541 1605 708 1655 occurrent
725 1591 783 1655 tibi

647 1699 731 1753 Velut
742 1702 806 1768 aegri
818 1701 928 1764 somnia,
940 1717 1020 1751 vanas

646 1787 786 1853 Fingentis
798 1788 906 1857 species,
917 1792 948 1838 ut
959 1803 1007 1837 nee
1018 1803 1074 1857 pes,
1086 1803 1133 1838 nec
1145 1791 1231 1856 caput,
1243 1788 1289 1838 uni

649 1872 786 1924 Reddatur
798 1872 897 1925 formae.

541 1965 678 2031 Turbati
701 1967 821 2032 cerebri
848 1967 1007 2031 hominem
1031 1966 1151 2042 credas,
1174 1966 1284 2052 etqui
1307 1989 1347 2029 ex
1370 1964 1497 2031 defectu

541 2069 673 2132 rationis
702 2069 842 2154 linguam
869 2069 1029 2134 continere
1058 2090 1120 2132 non
1148 2068 1256 2154 possit.
1302 2071 1398 2132 Putes
1423 2090 1496 2132 eum

540 2183 648 2234 noctes
668 2175 852 2236 continuare
873 2172 1041 2246 insomnes,
1061 2187 1092 2234 et
1111 2171 1214 2254 sopita
1235 2170 1366 2243 ratione,
1382 2173 1498 2235 melan-

542 2271 675 2336 choliam
696 2273 792 2337 solam
809 2275 841 2337 in
864 2297 903 2338 eo
917 2273 1101 2337 excitatam,
1140 2272 1174 2337 Si
1194 2271 1277 2335 forte
1298 2271 1498 2335 miseratione

541 2369 670 2449 ductus,
700 2373 728 2436 ei
759 2373 946 2437 modestiam
981 2372 1184 2458 persuaseris,
1215 2371 1437 2446 succendetur,
1467 2382 1499 2435 et

540 2474 692 2558 quaelibet
709 2477 739 2538 in
758 2475 900 2562 quemvis
915 2475 1014 2556 finget
1035 2473 1219 2558 opprobria,
1234 2472 1498 2558 compatientibus

541 2587 573 2638 et
596 2574 816 2639 deridentibus
836 2597 927 2659 aeque
947 2573 1193 2651 convitiabitur3
1220 2596 1277 2635 nec
1299 2573 1419 2636 amicus
1440 2596 1498 2636 nec

541 2676 641 2739 hostis
656 2676 697 2739 ab
712 2700 760 2751 eo,
773 2676 831 2739 nisi
848 2684 1021 2760 consputus
1036 2672 1196 2737 abscedet.
1229 2674 1262 2736 Si
1277 2674 1413 2759 coepisti,
1428 2697 1499 2759 per-

540 2778 624 2840 feras
633 2799 756 2840 necesse
765 2789 824 2856 est,
832 2789 889 2840 aut
898 2775 1039 2861 procacis
1050 2774 1168 2859 linguae
1178 2775 1348 2839 sustinebis
1357 2775 1498 2862 injurias.

542 2879 670 2943 Desiste
690 2900 779 2963 ergo,
800 2878 859 2942 nisi
882 2876 1010 2941 sordida
1030 2876 1140 2960 lingua
1158 2876 1305 2940 malueris
1325 2876 1495 2963 inquinari.

539 2983 623 3044 Nom
646 2993 678 3044 et
700 2979 866 3044 immunda
888 3002 953 3065 quo
976 2979 1077 3063 magis
1100 2992 1279 3058 moventur,
1300 3001 1339 3042 eo
1361 2978 1498 3064 amplius

537 3081 661 3154 foetent.
699 3083 767 3147 Viri
784 3079 952 3168 prudentis
967 3080 1088 3145 dictum
1107 3102 1270 3166 agnosces,
1286 3080 1364 3165 quia

645 3199 782 3252 Vesanum
794 3201 913 3265 tetigisse
926 3201 1028 3261 timent,
1041 3196 1196 3265 fugiuntque
1207 3204 1320 3267 poetam,

645 3281 700 3342 Qui
712 3284 825 3352 sapiunt,
839 3283 941 3349 agitant
949 3284 1032 3352 pueri,
1044 3283 1193 3349 incautique
1205 3287 1357 3348 sequuntur.

541 3385 632 3449 Licet
653 3397 760 3448 autem
781 3383 868 3469 apud
889 3384 1042 3468 privatos,
1058 3399 1113 3447 aut
1134 3382 1214 3445 serio
1235 3382 1387 3459 viventes,
1403 3385 1498 3447 homo

541 3483 725 3569 hujusmodi
758 3483 930 3548 rectissime
964 3482 1112 3548 videatur
1144 3481 1279 3559 inutilis,
1313 3485 1498 3550 commodus

540 3597 645 3650 tamen
675 3599 722 3650 est
750 3585 781 3649 in
809 3597 894 3650 coetu
920 3584 1146 3662 multitudinis,
1173 3607 1246 3670 quae
1272 3583 1441 3650 hilaritatis
1465 3599 1497 3652 et

536 3689 690 3775 jocularis
704 3688 824 3752 laetitiae
847 3688 979 3751 materia
999 3686 1130 3772 gaudet.
1162 3685 1329 3773 Optimum
1350 3688 1433 3750 enim
1449 3690 1497 3752 in-

540 3804 753 3855 strumentum
781 3802 829 3853 est
856 3790 896 3853 ad
925 3789 1008 3853 risus
1036 3787 1258 3865 conciliandos,
1285 3800 1317 3852 et
1343 3788 1496 3853 efficacior

541 3893 656 3978 quovis
670 3892 776 3956 mimo.
819 3891 867 3955 Ut
886 3914 1040 3955 venenum
1061 3893 1131 3976 ejus
1149 3891 1294 3974 effugias,
1310 3889 1495 3976 patientiam

541 3994 661 4058 indicas
676 3994 819 4068 auribus,
836 4016 954 4057 morem
970 4016 1062 4077 geras
1080 3991 1200 4069 insano,
1216 3991 1268 4076 qui
1288 3989 1367 4054 nulli
1384 3992 1497 4075 parcit,

540 4110 572 4161 et
595 4097 619 4161 si
644 4117 716 4161 cum
734 4096 817 4160 forte
840 4096 888 4159 vis
910 4095 1091 4181 reprimere,
1112 4091 1334 4176 benignissime
1356 4091 1496 4166 obsecra,

541 4212 578 4262 ut
593 4198 624 4261 in
641 4196 785 4261 docendo
801 4211 857 4261 aut
872 4196 1067 4282 disputando
1079 4195 1243 4258 sententie
1258 4192 1332 4278 pius
1347 4208 1498 4278 apponat,

541 4314 574 4364 et
596 4323 664 4364 enm
687 4300 856 4363 verborum
880 4297 1073 4362 deductione
1095 4306 1288 4378 compenset.
1336 4292 1418 4357 Nam
1441 4297 1497 4381 qui

543 4401 638 4465 verba
648 4402 753 4479 rebus,
764 4415 796 4466 et
807 4423 855 4465 res
867 4399 1018 4485 temporis
1027 4395 1259 4483 opportunitati
1272 4410 1499 4484 contemperat,
