4084 5634
595 886 598 891 ,
632 835 674 891 ⁴2
888 845 1026 890 JoANle
1040 842 1318 890 mumsnmausrs
1451 825 1587 906 [amni.

634 999 761 1062 Tuscos
775 1017 795 1059 a
808 996 874 1061 suis
895 996 1030 1060 sedibus
1050 997 1254 1080 expulerunt,
1268 997 1300 1059 in
1317 1016 1357 1059 ea
1375 996 1589 1061 condiderrmt

634 1099 730 1162 urbes
752 1096 908 1179 egregias,
922 1095 1156 1176 Mediolanum,
1179 1097 1331 1176 Cornum,
1353 1098 1507 1175 Brixiam,
1522 1099 1585 1162 Vc·

633 1219 756 1275 ronam,
784 1199 990 1280 Bergomum,
1018 1197 1208 1261 Tridentum
1238 1210 1336 1283 atque
1375 1198 1586 1262 vincentiam.

634 1301 720 1362 Nam
742 1301 830 1383 quod
853 1302 963 1363 urbem
987 1300 1177 1364 Senensium
1198 1301 1330 1364 senibus
1351 1301 1429 1376 suis,
1446 1311 1478 1364 et
1498 1301 1583 1363 vale·

632 1401 811 1480 tudinariis,
836 1402 1097 1486 armentariisque
1124 1403 1370 1477 construxerint,
1396 1423 1462 1465 non
1491 1400 1588 1464 modo

632 1501 715 1567 fides
729 1503 881 1581 historice,
896 1503 955 1566 sed
969 1504 1105 1568 celebris
1121 1503 1248 1568 traditio
1258 1514 1326 1580 est,
1347 1525 1442 1569 exeo
1457 1504 1586 1587 quidem

631 1603 776 1676 validior,
791 1604 878 1689 quod
901 1605 1062 1669 Seneuses
1084 1618 1117 1669 et
1135 1604 1339 1669 lineamentis
1360 1605 1586 1679 membrorum,

631 1714 796 1769 venustete
824 1705 931 1783 faciei,
956 1717 989 1768 et
1014 1706 1131 1771 coloris
1157 1707 1268 1788 gratia,
1293 1705 1435 1768 moribus
1460 1724 1587 1788 quoque

631 1808 710 1891 ipsis
732 1806 774 1870 ad
796 1808 909 1870 Gallos
929 1818 961 1870 et
980 1807 1143 1882 Britones,
1159 1808 1311 1891 aquibus
1333 1806 1486 1888 originem
1509 1825 1585 1867 con·

632 1918 811 1983 traxerunt,
828 1906 975 1972 ridentur
996 1908 1161 1986 accedere,
1177 1909 1254 1972 licet
1275 1929 1330 1971 eos
1349 1918 1490 1970 vetustas
1506 1916 1585 1969 tem·

631 2010 731 2093 poris,
746 2009 833 2072 orbis
852 2010 960 2092 plaga,
979 2011 1061 2073 situs
1078 2010 1229 2091 regionis,
1249 2009 1414 2073 convictus
1434 2006 1586 2070 finitimo·

632 2131 714 2182 rum,
730 2110 846 2194 quibus
866 2110 1023 2191 sanguine
1039 2121 1073 2174 et
1086 2111 1228 2174 moribus
1247 2109 1305 2171 diu
1326 2109 1477 2191 permixti
1499 2118 1584 2183 sunt,

632 2232 674 2276 ex
690 2232 806 2293 magna
820 2223 909 2296 parte
925 2212 1105 2275 mutaverit.
1151 2211 1307 2274 Nondum
1322 2222 1428 2272 tamen
1444 2209 1584 2270 colorem
1660 2202 1663 2207 ’

632 2312 806 2386 Gallicum,
836 2311 1007 2376 candorem
1039 2312 1174 2390 scilicet,
1199 2311 1269 2374 baec
1299 2308 1408 2373 omniu
1436 2306 1478 2369 ad
1509 2306 1584 2368 vici·

631 2434 744 2477 norum
760 2412 1001 2478 similitudinem
1017 2412 1245 2477 exterminasse
1264 2408 1437 2473 sufficiunt
1475 2406 1584 2470 Graeci

630 2535 769 2599 namque
795 2516 846 2579 lac
870 2510 954 2599 γάλα
977 2514 1101 2589 dicunt,
1122 2511 1210 2574 nude
1237 2522 1270 2573 et
1294 2504 1440 2594 γαλαξίας
1461 2511 1583 2572 lacteus

630 2618 819 2700 appellatur,
841 2626 874 2679 et
896 2616 982 2680 Galli
1005 2612 1100 2698 quasi
1125 2613 1232 2676 colore
1258 2612 1366 2689 lactei,
1388 2622 1421 2674 et
1446 2609 1582 2679 Galatae,

630 2720 686 2802 qui
714 2715 909 2802 quandoque
939 2716 1018 2780 dicti
1053 2726 1129 2779 sunt
1156 2714 1375 2797 Gallo-graeci,
1402 2713 1436 2775 in
1464 2711 1584 2774 finibus

629 2820 778 2895 Graeciae,
804 2839 885 2901 quos
910 2817 1077 2880 Gallorum
1100 2817 1214 2879 militia
1238 2815 1417 2898 occuparit
1462 2810 1585 2875 Mansit

629 2925 736 2978 autem
766 2917 926 2978 exercitus
954 2916 1010 2976 illa
1039 2918 1169 2976 Brenno
1199 2916 1283 2977 duce
1312 2910 1531 2994 triumphator,
1553 2921 1586 2972 et

631 3034 757 3096 semper
770 3013 921 3089 invictus,
936 3012 1041 3074 donec
1062 3013 1224 3092 insurgere
1245 3032 1343 3075 ausus
1363 3020 1413 3074 est
1431 3011 1464 3073 in
1481 3011 1584 3085 Deos,

628 3114 735 3198 ipsum
761 3111 921 3196 Apollinis
944 3110 1102 3194 Delphici
1127 3111 1281 3175 invadens
1304 3112 1469 3196 templum.
1514 3110 1584 3175 Ubi

629 3235 730 3300 quum
741 3214 856 3279 incola
871 3214 933 3278 Dei
949 3232 1044 3297 opem
1058 3213 1249 3298 suppliciter
1262 3215 1481 3299 implorarent,
1489 3213 1583 3299 juve·

628 3329 703 3381 uem
718 3317 1006 3402 suprabumauum
1028 3313 1157 3378 modum
1179 3316 1314 3398 insignis
1336 3314 1583 3398 pulchritudinis

628 3418 662 3480 in
677 3416 801 3481 delubri
817 3417 958 3480 culmine
972 3429 1221 3499 conspexerunt
1266 3416 1405 3481 Auditus
1421 3427 1471 3480 est
1484 3419 1582 3480 etiam

629 3513 746 3578 stridor
774 3536 867 3578 arcus
896 3526 927 3577 et
953 3517 1105 3596 strepitus
1135 3536 1302 3578 armornm.
1347 3516 1461 3578 Subito
1484 3515 1582 3578 ctiam

630 3626 720 3678 terrae
742 3624 831 3677 motu
853 3633 930 3696 pars
957 3614 1077 3676 montis
1102 3615 1250 3696 abrupta,
1277 3614 1444 3676 Gallorum
1472 3614 1583 3676 stravit

628 3715 813 3778 exercitum.
870 3715 1022 3777 Insecuta
1057 3712 1174 3776 deiude
1209 3721 1380 3796 tempestas
1418 3723 1477 3789 est,
1506 3733 1579 3795 quae

629 3814 782 3897 grandine
807 3823 841 3878 et
865 3815 979 3896 frigore
1006 3814 1133 3876 saucios
1157 3815 1344 3897 absumpsit
1403 3814 1482 3876 Dux
1508 3813 1579 3895 ipse

629 3916 787 3991 Brennus,
806 3933 907 3996 quum
925 3912 1068 3975 dolorem
1089 3914 1253 3975 vulnerum
1274 3912 1354 3975 ferre
1373 3932 1441 3974 non
1460 3918 1580 3993 posset,

628 4015 768 4099 pugione
792 4013 886 4076 vitum
911 4012 1024 4075 finivit.
1070 4013 1140 4075 Nec
1166 4025 1291 4075 moreat
1312 4032 1506 4096 quemquam
1533 4010 1580 4086 (nt

630 4115 751 4180 dictum
780 4117 838 4194 est)
869 4114 900 4176 iu
932 4114 1052 4195 templo
1082 4114 1183 4176 risum
1215 4134 1284 4176 esse
1314 4113 1512 4195 Apollinem,
1538 4111 1579 4174 ad

627 4218 721 4281 ducis
749 4215 860 4279 invicti
888 4214 1057 4277 audaciam
1091 4213 1315 4290 coercendam,
1343 4212 1579 4296 delendumque

628 4318 814 4403 exercitum,
837 4317 892 4401 qui
913 4315 1116 4400 permittente
1139 4314 1224 4393 Deo,
1246 4315 1451 4396 exigentibus
1473 4315 1578 4399 culpis

557 4428 562 4434 ·
627 4415 802 4492 hominnm,
818 4418 932 4480 multas
947 4417 1108 4480 deleverat
1118 4414 1274 4490 nationes,
1291 4436 1390 4496 quum
1402 4426 1524 4479 certum
1539 4414 1579 4478 sit
