4084 5634
696 337 1005 639 sitla-P
1043 337 1271 626 We

474 813 543 857 car.
559 797 658 870 xvir]
833 811 1083 858 rotroaarrcus.
1359 794 1418 853 311

474 963 555 1033 tium
570 963 715 1042 chorum,
730 976 767 1027 ut
786 961 915 1049 quando
936 960 1031 1036 voles,
1048 983 1110 1024 non
1131 959 1239 1046 possis.
1287 958 1347 1021 Sed
1370 979 1421 1020 or-

473 1087 557 1148 gano
573 1088 631 1130 suo
643 1089 716 1153 quar
727 1087 850 1150 semper
859 1063 966 1129 electis
974 1063 1064 1128 adest
1080 1062 1206 1138 veritas,
1216 1081 1419 1146 nequaquam

476 1167 590 1234 defuit.
620 1168 703 1233 Nam
720 1169 751 1231 in
768 1167 857 1231 brevi
872 1167 1019 1252 princeps
1034 1165 1131 1242 idem,
1146 1163 1301 1250 imperiali
1317 1160 1420 1245 indig-

473 1269 598 1333 natione
620 1282 771 1342 tentatus,
795 1267 911 1333 ductus
939 1280 986 1331 est
1009 1267 1135 1331 vinctus
1163 1266 1246 1330 inter
1267 1262 1421 1350 captivos,

474 1375 522 1434 vel
537 1393 633 1455 poena
648 1393 705 1433 sua
720 1369 913 1433 satisfaciens
924 1368 1044 1450 injuste
1059 1367 1225 1453 oppressis.
1270 1367 1421 1430 Oratione

474 1484 579 1535 tamen
597 1471 717 1549 Basilii,
733 1484 803 1556 post
819 1484 945 1533 sextum
969 1468 1052 1531 diem
1074 1468 1113 1531 de
1133 1466 1325 1532 abductione
1345 1463 1423 1530 libe-

474 1587 563 1638 ratus
578 1586 637 1648 est,
649 1571 858 1636 descendente
870 1569 1134 1654 siguoimperiali,
1144 1572 1224 1634 sicut
1235 1571 1284 1632 vir
1295 1581 1423 1633 sanctus

474 1685 650 1756 optaverat.
696 1675 813 1755 Itaque
835 1682 865 1733 et
887 1668 1014 1754 tyranni
1031 1667 1155 1732 nomine
1175 1688 1245 1743 rex,
1262 1679 1294 1730 et
1312 1689 1329 1729 e
1351 1687 1424 1729 con-

476 1795 566 1836 verso
581 1771 741 1839 interdum
754 1770 904 1856 principis
916 1772 1042 1834 nomine
1057 1788 1212 1855 tyrannus
1223 1766 1422 1853 appellatum

471 1875 568 1958 juxta
582 1872 683 1936 illud:
707 1872 871 1957 Principes
886 1872 934 1937 tui
950 1871 1105 1947 infideles,
1126 1870 1200 1934 socii
1215 1869 1334 1934 surum.
1378 1868 1424 1939 Et

475 1974 571 2039 alibi:
596 1975 757 2060 Principes
779 1973 991 2050 sacerdotum,
1013 1986 1045 2037 et
1068 1972 1205 2038 seniores
1218 1970 1331 2058 populi
1351 1990 1425 2037 cun·
1459 1957 1462 1961 ’

476 2077 583 2141 cilium
615 2077 757 2140 fecerunt
774 2079 808 2140 in
838 2098 948 2152 unum,
979 2089 1015 2140 ut
1036 2077 1148 2140 Jesum
1172 2073 1247 2137 dolo
1269 2084 1424 2149 tenerent,

475 2192 507 2243 et
522 2178 711 2254 occiderent,
726 2178 783 2263 qui
800 2178 867 2262 utiq
874 2201 910 2242 ue
926 2179 1017 2264 justo
1032 2177 1111 2262 legis
1125 2175 1251 2265 judicio
1270 2175 1426 2240 debuerat

476 2279 614 2343 liberari.
666 2280 748 2342 Nam
779 2293 810 2344 et
840 2278 872 2342 in
903 2278 1079 2343 sacerdotio
1108 2278 1314 2344 inveniuntur
1342 2299 1426 2341 com-

476 2381 595 2467 plures,
604 2381 637 2445 id
650 2395 717 2446 tota
726 2397 857 2464 agentes
868 2380 1050 2459 ambitione,
1060 2393 1090 2444 et
1104 2380 1134 2442 in
1144 2380 1293 2443 omnibus
1302 2380 1426 2444 artibus

475 2483 556 2566 ejus,
573 2496 608 2545 ut
625 2481 685 2544 sub
700 2494 860 2567 praetextu
871 2481 976 2557 officii,
989 2503 1076 2544 suam
1093 2480 1214 2565 possint
1226 2479 1425 2564 tyrannidem

478 2605 632 2648 exercere.
681 2582 785 2648 Habet
801 2582 883 2646 enim
900 2601 931 2647 et
947 2581 1130 2667 respublica
1144 2582 1313 2668 impiorum
1330 2595 1425 2668 caput

476 2698 508 2749 et
526 2684 666 2748 membra
689 2707 755 2758 sua,
778 2697 811 2748 et
825 2684 916 2769 quasi
932 2682 1079 2747 civilibus
1093 2682 1261 2759 institutis,
1277 2682 1427 2767 legitimae

478 2787 662 2873 reipublicae
684 2786 798 2851 nititur
819 2808 885 2849 esse
906 2784 1083 2848 conformis.
1130 2786 1238 2870 Caput
1259 2808 1336 2871 ergo
1357 2785 1428 2869 ejus

478 2905 633 2977 tyrannus
655 2903 714 2964 est,
737 2890 842 2973 imago
863 2887 1000 2952 diaboli:
1024 2888 1130 2951 anima
1151 2888 1303 2964 haretici,
1329 2887 1428 2953 schis-

477 2990 596 3066 matici,
610 2989 752 3074 sacrilegi
764 2989 952 3067 sacerdotes,
966 3002 997 3053 et
1011 3002 1048 3053 ut
1060 2990 1157 3054 verbo
1169 2988 1332 3054 Plutarchi
1343 3001 1427 3067 utar,

478 3088 620 3177 preelecti
636 3089 800 3174 regionum
818 3087 1043 3174 impugnantes
1056 3089 1159 3174 legem
1179 3087 1318 3152 Domini.
1364 3091 1429 3154 Cor

478 3190 645 3256 consiliarii
676 3190 778 3277 impii,
806 3194 899 3276 quasi
927 3205 1057 3255 senatus
1085 3190 1271 3276 iniquitatis.
1323 3189 1429 3269 Oculi,

477 3315 582 3368 aures,
594 3291 713 3375 lingua,
723 3313 835 3355 manus
846 3291 984 3368 inermis,
992 3291 1120 3377 judices
1130 3305 1161 3356 et
1174 3291 1271 3374 leges,
1281 3291 1429 3359 officiales

477 3394 597 3480 injusti.
644 3393 763 3456 Manus
777 3405 909 3470 armata,
923 3392 1039 3457 milites
1060 3391 1201 3471 violenti,
1217 3414 1300 3478 quos
1315 3393 1428 3458 Cicero

478 3496 615 3561 latrones
636 3492 786 3580 appellat.
837 3494 950 3569 Pedes,
972 3493 1028 3579 qui
1051 3494 1082 3556 in
1105 3493 1182 3579 ipsis
1203 3494 1428 3561 humilioribus

477 3596 613 3680 negotiis
631 3594 801 3682 praeceptis
821 3593 961 3673 Domini,
981 3606 1013 3663 et
1032 3592 1183 3677 legitimis
1201 3593 1357 3660 institutis
1371 3595 1428 3660 ad-

478 3709 652 3764 versantur.
702 3698 781 3773 Hoec
803 3692 932 3778 quidem
947 3694 1054 3757 omnia
1068 3706 1200 3779 possunt
1220 3716 1240 3759 a
1259 3696 1429 3782 superiori·

478 3799 540 3863 bus
554 3796 704 3862 facillime
717 3796 954 3881 comprehendi.
1000 3795 1427 3886 MHJOEIOAEDdignarimon

477 3900 594 3965 debent
618 3897 805 3972 sacerdotes,
829 3897 1164 3992 w...iu.0.ls⁸„.lti?!!
1180 3896 1324 3977 ‚iurenjri¹
1336 3920 1428 3981 posse

494 3994 648 4086 yrannosT
688 3984 843 4083 Alioquib
859 4019 1013 4081 quorsum
1029 4008 1076 4060 est
1091 3995 1172 4060 illud
1188 3997 1426 4082 propheticumr

467 4084 707 4175 mutium,
720 4095 906 4182 prophetiza
921 4094 961 4158 de
970 4095 1155 4180 pastoribus
1172 4095 1280 4174 Israel,
1292 4099 1429 4183 prophe-

482 4201 557 4276 tiza,
573 4214 605 4264 et
619 4199 704 4263 dices
718 4198 759 4262 ad
775 4219 847 4262 eos:
874 4197 955 4260 Haec
971 4196 1049 4261 dicit
1064 4196 1222 4261 Dominus
1244 4198 1353 4262 Deus:
1370 4203 1428 4265 Vae

483 4303 663 4386 pastoribus
687 4300 795 4376 Israel,
810 4303 867 4385 qui
883 4299 1054 4386 pascebant
1077 4298 1270 4384 semetipsos.
1317 4301 1430 4368 Nonne

483 4425 596 4487 greges
624 4415 795 4487 pascuntur
818 4425 836 4466 a
858 4401 1065 4487 pastoribus?
1112 4400 1178 4464 Lac
1207 4403 1430 4489 comedebatis,
