4084 5634
514 835 586 881 esa.
603 817 679 897 rua]
863 833 1117 879 rom'cnsmcns.
1404 821 1464 881 127

512 988 645 1073 imperio
666 987 875 1050 consumserit
900 988 1044 1049 Caesarea
1067 985 1199 1056 domus;
1232 988 1305 1070 plus
1327 985 1464 1050 effusum

512 1090 666 1173 pecuniae,
691 1110 787 1174 quam
818 1088 850 1151 in
877 1087 1024 1150 omnibus
1050 1086 1170 1150 divitiis
1200 1086 1263 1150 suis
1290 1086 1465 1172 possederit

515 1194 653 1256 Croesus.
688 1194 771 1256 Haec
789 1190 871 1253 cnim
892 1189 1013 1254 tamdiu
1036 1188 1156 1253 multos
1178 1189 1294 1265 tenuit,
1313 1202 1349 1253 ut
1368 1211 1468 1274 quum

514 1293 573 1356 boc
590 1315 688 1356 unum
706 1307 772 1357 tota
788 1293 852 1355 vita
874 1303 1066 1374 quaererent,
1081 1290 1206 1354 tandem
1230 1311 1286 1353 nec
1300 1291 1388 1354 istud
1409 1314 1465 1355 nec

512 1394 599 1458 aliud
615 1394 802 1457 invenirent.
841 1395 886 1456 Et
908 1395 990 1456 sorte
1011 1391 1096 1466 ideo,
1112 1391 1187 1476 quia
1209 1392 1384 1456 curiositati
1403 1415 1465 1456 non

516 1495 691 1561 sufficiebat
707 1497 739 1558 in
764 1497 819 1569 eis,
835 1495 923 1579 quod
948 1495 1049 1558 solum
1074 1492 1179 1578 potuit
1195 1493 1336 1558 inveniri.
1384 1496 1468 1558 Nam

516 1598 600 1660 sicut
617 1596 650 1661 in
670 1597 782 1662 umbra
800 1596 973 1681 cujuslibet
993 1593 1146 1680 corporis,
1158 1594 1278 1658 frustra
1299 1594 1468 1661 soliditatis

516 1698 694 1764 substantia
705 1698 880 1780 qnaeritur;
906 1697 994 1761 sicin
1008 1697 1057 1758 his
1070 1720 1143 1782 quae
1155 1694 1367 1781 intelligibilia
1382 1711 1468 1774 sunt,

517 1801 676 1865 duntaxat
696 1810 729 1862 et
745 1798 963 1863 universaliter
986 1798 1120 1882 concipi,
1136 1820 1193 1860 nec
1216 1811 1319 1862 tamen
1344 1801 1468 1864 unirer-

517 1902 623 1966 saliter
635 1922 702 1965 esse
714 1914 849 1986 queunt,
861 1900 1016 1964 solidioris
1028 1901 1204 1963 existentiae
1221 1901 1400 1966 substantia
1414 1924 1468 1966 nc-

519 2028 682 2090 quaquam
697 2003 867 2068 invenitur.
904 2005 942 2066 In
955 2002 1005 2067 bis
1016 2015 1142 2066 aetatem
1159 2015 1270 2079 terere,
1283 2003 1361 2068 nihil
1373 2027 1469 2089 agen-

518 2107 568 2182 tis,
585 2120 617 2172 et
634 2107 755 2170 l'rustra
770 2105 940 2169 laborantis
954 2116 1013 2168 est.
1060 2102 1197 2168 Nebulae
1221 2106 1376 2191 siqnidem
1394 2120 1468 2170 sunt

522 2232 626 2273 rerum
648 2209 823 2295 fugacium,
837 2220 869 2272 et
889 2230 987 2293 qunrn
1009 2221 1200 2293 quaeruntur
1218 2208 1354 2284 avidius,
1375 2207 1469 2272 citius

516 2325 717 2376 evanescunt.
763 2310 952 2396 Expediunt
967 2311 1050 2373 hanc
1065 2323 1208 2373 auctores
1222 2310 1333 2373 multis
1355 2309 1468 2384 modis,

517 2414 673 2500 variisque
689 2413 907 2485 sermonibus3
931 2424 963 2475 et
978 2410 1057 2475 dnrn
1073 2410 1288 2475 indifferenter
1299 2411 1404 2475 verbis
1420 2411 1469 2476 usi

519 2529 604 2591 sunt,
620 2517 723 2579 varias
745 2514 908 2599 opiniones
930 2513 1070 2577 invenire
1087 2512 1144 2575 visi
1168 2525 1255 2590 sunt,
1269 2526 1301 2577 et
1323 2512 1470 2598 litigiosis

519 2617 701 2681 bominibus
712 2617 845 2681 multam
862 2615 1073 2679 contendendi
1087 2616 1248 2677 materiam
1262 2611 1470 2699 reliquerunt.

521 2718 602 2781 Inde
615 2718 758 2802 estquod
771 2716 982 2792 sensibilibus,
992 2717 1126 2802 aliisque
1136 2714 1351 2799 singularibus
1359 2737 1472 2802 appre-

519 2819 635 2899 hensis,
648 2818 797 2903 quoniam
820 2816 888 2880 h-aec
911 2815 977 2879 sola
992 2816 1144 2880 veraciter
1165 2837 1231 2879 esse
1253 2816 1419 2895 dicuntur,
1434 2839 1472 2880 ea

518 2921 550 2983 in
573 2921 716 2985 diversos
742 2934 844 2984 status
867 2918 1028 2991 subvehit,
1053 2940 1111 3003 pro
1133 2941 1271 3004 quorum
1295 2918 1470 2984 rationein

517 3021 595 3106 ipsis
638 3020 852 3107 singularibus
902 3018 1124 3105 specialissima
1170 3019 1471 3107 generalissimaque

517 3123 693 3188 constituit.
739 3124 821 3186 Sunt
836 3121 891 3206 qui
916 3145 1002 3185 more
1027 3121 1336 3197 matbematicorum,
1353 3123 1471 3187 formas

520 3223 719 3299 abstrabunt,
748 3236 779 3285 et
811 3222 851 3285 ad
881 3221 951 3284 illas
986 3221 1141 3306 quicquid
1170 3223 1211 3287 dc
1240 3224 1473 3289 universalibus

521 3321 651 3397 dicitur,
674 3321 829 3386 referunt.
873 3321 942 3384 Alii
967 3320 1145 3386 discutiunt
1167 3323 1357 3399 intellectus,
1373 3337 1405 3388 et
1419 3347 1473 3388 eos

521 3421 747 3487 universalium
763 3420 944 3485 nominibus
958 3422 1077 3485 censeri
1089 3420 1287 3486 confirmant.
1325 3423 1471 3489 Fuerunt

490 3523 496 3534 ’
519 3538 550 3591 et
567 3524 623 3612 qui
640 3547 731 3588 voces
745 3523 830 3610 ipsas
844 3545 961 3607 genera
975 3522 1114 3586 dicerent
1131 3546 1198 3586 esse
1212 3536 1243 3587 et
1260 3527 1394 3610 species:
1417 3525 1473 3590 aed

519 3648 627 3691 eorum
639 3628 707 3712 jam
724 3625 855 3712 explosa
867 3624 1022 3688 sententia
1035 3637 1092 3698 est,
1104 3637 1135 3687 et
1151 3624 1244 3689 facile
1255 3648 1327 3689 curn
1343 3640 1472 3693 auctore

518 3751 576 3791 suo
591 3727 731 3793 evanuit.
778 3729 860 3791 Sunt
873 3740 977 3790 tamen
993 3724 1098 3789 adhuc
1113 3727 1170 3811 qni
1187 3727 1471 3813 deprehenduntur

518 3831 551 3893 in
567 3829 710 3914 vestigiis
729 3851 850 3904 eorum,
867 3829 938 3894 licet
961 3828 1148 3893 erubescant
1163 3843 1323 3894 auctorem
1340 3831 1388 3893 vel
1405 3854 1474 3896 sen-

521 3931 650 3994 tentiam
678 3929 831 4016 profiteri,
854 3929 928 3992 solis
951 3927 1132 3993 nominibus
1158 3931 1361 4007 inhaerentes,
1385 3931 1472 4016 quod

521 4031 615 4096 rebus
630 4045 662 4096 et
677 4029 890 4096 intellectibus
913 4029 1119 4105 subtrabunt,
1136 4031 1333 4096 sermonibus
1355 4031 1473 4096 adscri-

523 4132 614 4197 bunt.

763 4243 864 4309 Magno
877 4259 905 4294 se
912 4241 1002 4314 judice
1015 4242 1123 4309 quisque
1136 4243 1233 4302 tuetur,

522 4347 553 4397 ct
577 4359 615 4399 ex
633 4338 737 4403 verbis
753 4352 933 4414 auctorum,
949 4336 1007 4422 qui
1029 4335 1247 4399 indifferenter
1269 4333 1395 4399 nomina
1416 4359 1475 4424 pro

523 4437 629 4518 rebus,
651 4439 699 4501 rel
724 4463 773 4503 ros
798 4463 856 4524 pro
883 4437 1064 4503 nominibus
1090 4449 1278 4522 posuerunt,
1302 4460 1391 4502 snam
1418 4442 1474 4506 ad-
