4084 5634
481 813 553 859 cae.
568 794 630 878 xi]
828 816 1085 863 rotrcaarrcus.
1391 803 1433 862 25

483 965 514 1028 in
538 988 577 1030 ea
598 966 658 1031 sibi
680 979 769 1053 parte
791 969 922 1053 prodest
943 969 1122 1051 ignorantia
1139 969 1234 1053 juris,
1250 988 1351 1053 quum
1370 969 1432 1033 etsi

478 1065 548 1149 jura
563 1070 696 1150 publica
713 1071 948 1154 permittantur,
962 1092 1054 1134 snum
1077 1082 1183 1150 tamen
1204 1071 1346 1133 officium
1365 1092 1430 1133 non

482 1169 576 1233 liceat
591 1170 745 1251 ignorare.
790 1173 885 1236 Licet
905 1173 991 1235 enim
1006 1171 1156 1237 sacerdos
1179 1172 1212 1234 in
1228 1170 1430 1234 ordinatione

480 1270 599 1336 ordinis
622 1274 671 1337 sui
694 1273 913 1338 difficultatem
936 1275 1071 1355 ignoret,
1090 1296 1129 1337 eo
1151 1274 1222 1357 ipso
1245 1273 1334 1356 qnod
1357 1273 1428 1336 sine

479 1372 730 1439 contradictione
740 1397 875 1439 oneroso
887 1374 1032 1439 succedit
1043 1377 1159 1453 officio,
1171 1375 1310 1458 suscepti
1323 1381 1429 1438 tamen

479 1474 646 1538 sacerdotii
662 1498 760 1540 onera
775 1479 901 1560 cogitur
923 1478 1089 1540 sustinere.
1137 1475 1170 1541 Si
1187 1498 1260 1540 rero
1280 1476 1427 1557 negligit,

478 1586 533 1638 ant
547 1578 748 1659 malignatur,
762 1580 950 1663 corripietur
965 1579 1112 1659 gravius3
1145 1599 1184 1640 eo
1206 1577 1292 1661 quod
1313 1577 1426 1659 majori

478 1696 577 1759 poena
592 1678 680 1761 digni
697 1692 772 1742 sunt
792 1680 838 1752 hi,
856 1680 971 1763 quibus
994 1701 1092 1764 quum
1115 1679 1247 1741 multum
1271 1677 1426 1740 debeatur

478 1777 618 1858 honoris,
640 1791 696 1844 aut
725 1782 864 1858 occulto,
886 1794 941 1844 aut
969 1781 1137 1844 manifesto
1163 1779 1370 1843 inveniuntur
1391 1778 1426 1842 in

478 1880 623 1944 crimine.
681 1883 783 1945 Aliter
810 1894 917 1946 tamen
953 1882 1098 1959 crimina,
1127 1882 1218 1946 aliter
1250 1881 1428 1963 puniuntur

478 1999 643 2054 excessus,
666 1984 814 2068 quoniam
838 1984 894 2046 illa
922 1985 1109 2069 plerumque
1131 2003 1261 2068 poenam
1288 1984 1429 2064 irrogant

478 2083 652 2162 sanguinis,
681 2085 751 2149 haec
789 2086 881 2170 quasi
919 2086 1144 2150 medicinalem
1180 2105 1239 2168 pro
1273 2083 1426 2168 qualitate

476 2180 586 2246 delicti
600 2186 736 2267 exigunt
757 2208 875 2250 curam.
920 2189 998 2271 Ipsa
1012 2207 1086 2249 vero
1101 2207 1188 2250 nunc
1204 2187 1344 2268 simplex
1365 2197 1426 2262 est,

475 2304 560 2347 nunc
585 2288 674 2371 quasi
701 2288 863 2372 quandam
887 2288 1094 2352 acrimoniam
1119 2291 1243 2351 miscet.
1291 2289 1426 2351 Verum·

475 2393 579 2447 tamen
592 2409 689 2472 quum
704 2389 737 2450 in
754 2389 840 2452 omni
854 2388 1050 2472 professione
1063 2388 1235 2472 disciplina
1244 2387 1426 2452 necessaria

475 2485 525 2562 sit,
546 2507 704 2573 nusquam
734 2492 847 2573 magis,
870 2513 964 2577 quam
994 2492 1026 2553 in
1051 2492 1147 2568 clero,
1170 2501 1203 2554 et
1227 2510 1260 2552 re
1286 2489 1424 2553 militari.

473 2588 517 2648 At
543 2608 594 2651 res
624 2592 779 2669 militaris,
805 2615 875 2675 quae
904 2593 1012 2655 minus
1041 2602 1209 2654 exercetur
1237 2591 1271 2652 in
1301 2590 1425 2672 spiritu,

474 2691 619 2753 acerbius
634 2703 683 2754 est
701 2696 905 2777 corporaliter
924 2694 1100 2777 punienda.
1145 2693 1236 2754 Nihil
1252 2701 1301 2754 est
1316 2701 1425 2753 autem

475 2787 563 2870 quod
578 2802 746 2876 utrumque
770 2794 870 2873 magis
889 2794 1067 2875 impugnet,
1083 2813 1176 2875 quam
1196 2790 1333 2867 luxuria,
1349 2790 1424 2874 qnia

472 2889 576 2954 omnis
605 2891 848 2977 intemperantia
885 2892 1078 2956 ordinationi
1107 2892 1280 2975 plurimum
1309 2891 1423 2957 adver·

472 2999 565 3056 satur.
625 2993 723 3056 Porro
753 2995 810 3057 nbi
838 2993 917 3057 ordo
948 3015 1013 3056 non
1045 3002 1103 3070 est,
1133 2993 1281 3056 confusio
1310 2994 1419 3056 locum

470 3090 577 3166 habet,
593 3104 625 3156 et
647 3094 709 3156 nisi
724 3095 911 3178 reprimatur
926 3095 1133 3158 correctionis
1149 3095 1290 3172 stimula,
1305 3096 1420 3178 procul

471 3189 569 3254 dnbio
597 3193 805 3273 ignominiam
836 3215 877 3256 ex
908 3194 1100 3256 necessitate
1129 3194 1287 3277 importat
1333 3195 1421 3268 Quid

471 3292 557 3353 enim
582 3293 678 3354 faciet
702 3294 830 3371 fortiter,
851 3315 947 3376 quem
968 3295 1098 3354 luxuria
1119 3305 1151 3354 et
1176 3295 1422 3376 intemperantia

471 3413 539 3455 non
553 3404 617 3456 tam
635 3395 820 3471 exarmavit,
832 3414 929 3478 quam
944 3391 1159 3456 exanimavit?
1185 3395 1324 3466 Quartus
1339 3395 1422 3459 liber

471 3496 805 3576 strategematicorum
840 3495 920 3559 Julii
948 3495 1092 3558 Frontini
1130 3495 1235 3570 refert,
1265 3495 1352 3580 quod
1380 3498 1419 3562 P.

470 3597 581 3680 Scipio
596 3599 713 3661 missus
727 3596 770 3661 ad
785 3597 1004 3674 Numantiam,
1020 3608 1202 3680 corruptum
1218 3599 1416 3681 superiorum

469 3699 588 3763 ducum
609 3700 764 3776 secordia,
779 3700 955 3763 exercitum
976 3697 1125 3776 correxit,
1141 3698 1274 3763 dimisso
1294 3701 1415 3782 ingenti

467 3802 608 3865 lixarum
630 3823 773 3877 numero,
793 3800 931 3864 redactis
953 3798 994 3863 ad
1015 3822 1132 3863 munus
1153 3800 1340 3885 quotidiana
1360 3825 1416 3866 ex·

468 3902 653 3965 ercitatione
664 3899 829 3973 militibus,
837 3901 953 3985 quibus
966 3921 1063 3984 quum
1077 3901 1224 3986 frequens
1235 3900 1418 3985 injungeret

467 4002 538 4081 iter,
560 4014 685 4086 portare
707 4005 917 4086 complurium
942 4001 1063 4066 dierum
1086 4003 1206 4066 cibaria
1227 4003 1417 4085 imperabat,

467 4105 512 4168 ita
527 4119 562 4170 ut
577 4107 690 4187 frigora
705 4118 736 4169 et
757 4107 875 4168 imbres
894 4106 972 4188 pati,
987 4104 1070 4168 vada
1089 4106 1255 4168 fluminum
1276 4103 1417 4184 pedibus

468 4207 612 4290 trajicere
629 4218 826 4272 assuesceret
847 4208 948 4287 miles,
964 4210 1178 4292 exprobrante
1201 4201 1337 4266 subinde
1357 4202 1417 4267 im-

469 4323 611 4392 peratore
627 4311 828 4375 timiditatem
845 4321 878 4374 et
899 4311 1072 4393 ignaviam,
1087 4310 1315 4387 frangenteque
1336 4303 1415 4369 deli·

470 4411 598 4478 catioris
613 4435 698 4491 usus,
713 4434 751 4476 ac
775 4433 886 4495 parum
906 4409 1088 4474 necessaria
1111 4403 1312 4490 expeditioni
1328 4429 1412 4472 vasa.
