4084 5634
461 781 531 830 cnr.
547 765 626 845 xm]
818 784 1072 832 mnrcnsrrcos.
1353 768 1416 831 973

461 935 589 1022 proprie
604 934 718 1011 virtus,
733 935 889 1021 pudicitia
909 949 968 1000 est.
1006 935 1224 1021 Hieronymus
1244 935 1334 999 testis
1352 949 1412 1015 est,

461 1037 547 1121 quod
564 1051 735 1123 antequam
755 1036 866 1122 religio
882 1037 1065 1102 Christiana
1080 1036 1218 1122 fulgeret
1234 1037 1264 1100 in
1281 1037 1412 1110 mundo,

461 1136 614 1202 unicubas
635 1160 758 1224 semper
773 1137 919 1203 babuisse
938 1138 1022 1202 inter
1042 1152 1201 1202 matronas
1215 1138 1330 1202 decus:
1356 1159 1413 1224 per

459 1237 530 1302 illas
552 1240 705 1304 Fortunae
730 1238 879 1302 muliebri
902 1261 990 1302 sacra
1014 1238 1083 1302 fleri
1107 1237 1254 1302 solitum:
1285 1236 1410 1300 nullum

459 1341 653 1428 saperdoterp
675 1341 857 1427 bigamum,
881 1340 1005 1404 nullum
1030 1339 1186 1425 flaminem
1214 1339 1410 1403 bimaritum.

447 1422 841 1531 ‘iiifflplshtas'idoque
851 1441 1090 1506 Atheniensium
1105 1421 1283 1505 diutissime
1291 1427 1411 1506 'cicutae

458 1544 630 1609 sorbitione
640 1545 822 1623 castrari,et
833 1557 1002 1629 postquam
1013 1543 1045 1606 in
1060 1542 1280 1629 pontificatum
1293 1542 1409 1607 fuerint

458 1644 574 1724 allecti,
604 1646 690 1710 viros
718 1668 784 1709 esse
813 1644 966 1708 desinere.
1005 1645 1045 1707 In
1075 1643 1263 1708 immensum
1293 1648 1411 1731 pagins

458 1745 677 1831 protendetur,
701 1746 726 1811 si
752 1769 789 1808 ea
815 1746 1041 1831 perstrinxero,
1068 1768 1140 1832 quae
1169 1746 1201 1810 in
1232 1747 1291 1813 hae
1317 1762 1409 1832 parte

458 1847 581 1931 tragici,
596 1860 749 1924 oratores,
767 1845 889 1922 cornici,
905 1846 1045 1932 satyrici,
1062 1858 1176 1932 poetae,
1192 1858 1228 1911 ut
1248 1846 1288 1909 de
1306 1847 1409 1933 pbilo-

340 1995 350 2014 .
457 1948 575 2034 sophis,
579 1948 716 2050 Q
729 1962 761 2013 et
777 1948 931 2031 theologis·
946 1962 1078 2024 taceam,
1093 1948 1313 2034 prodiderunt.
1345 1948 1406 2013 Sed

457 2063 560 2116 tamen
576 2048 633 2115 nec
646 2075 755 2116 omnes
765 2052 843 2118 istos
857 2052 995 2117 arbitror
1010 2050 1169 2115 suffecisse
1183 2050 1224 2115 ad
1241 2050 1332 2131 hanc,
1343 2073 1405 2116 non

456 2152 528 2217 dico
550 2153 701 2217 malitiam
723 2153 900 2230 delendam,
924 2167 981 2218 aut
1006 2152 1248 2238 reprimendam,
1271 2153 1325 2217 sed
1350 2177 1407 2219 nec

455 2252 496 2317 ad
512 2253 741 2341 exponendam.
788 2253 821 2317 Si
836 2253 947 2317 dixero
967 2253 1052 2340 quod
1070 2253 1163 2317 multi
1184 2267 1258 2319 sunt
1272 2256 1406 2341 experti,

455 2355 533 2441 quia

559 2472 618 2526 Neo
628 2473 726 2538 melior,
737 2473 847 2545 pedibus
858 2473 958 2525 silicem
969 2490 1027 2540 quoe
1038 2474 1152 2524 concutit
1162 2479 1256 2536 atrum,

559 2557 647 2618 Quam
659 2576 716 2627 quse
727 2576 858 2611 serrorum
869 2559 971 2610 vehitur
981 2558 1080 2610 cervice
1091 2574 1205 2622 suorum,

455 2660 514 2724 boc
533 2661 566 2724 in
586 2659 733 2742 injuriam
752 2660 922 2725 mulierum
941 2659 1075 2740 dictum,
1094 2659 1216 2723 malitia
1232 2660 1405 2726 calumnia·

454 2762 553 2827 bitur.
584 2761 674 2827 Nihil
684 2763 767 2825 enim
779 2761 903 2838 melius,
914 2761 992 2825 nibil
1011 2760 1120 2825 utilius
1132 2760 1261 2824 muliere
1277 2762 1405 2846 pudica,

454 2862 532 2927 nibil
548 2885 658 2927 eorum
674 2885 747 2949 quae
763 2876 894 2946 possunt
906 2860 1078 2944 excogitari
1088 2861 1262 2945 jocundius
1277 2861 1337 2942 bis,
1348 2862 1404 2948 qui

452 2965 613 3028 continere
635 2986 697 3028 non
719 2977 864 3049 possunt,
886 2976 943 3028 aut
966 2963 1090 3026 nolunt.
1136 2962 1198 3026 Sed
1220 2961 1405 3048 desipientis

453 3079 500 3130 est
529 3067 570 3130 ab
600 3065 649 3130 his
678 3065 806 3130 laudern
836 3080 989 3152 spectare,
1021 3087 1096 3151 quae
1130 3064 1253 3128 veniam
1284 3067 1405 3131 rectius

454 3183 625 3246 merentur,
641 3190 736 3254 quam
754 3168 899 3255 gloriam,
914 3168 940 3232 si
957 3182 1061 3232 tamen
1082 3166 1305 3233 moderationis
1319 3171 1405 3232 bono

451 3269 572 3332 fuerint
598 3282 781 3352 temperata.
827 3267 983 3353 Alioquin
1007 3290 1069 3332 non
1093 3267 1194 3347 venia,
1216 3267 1270 3331 sed
1297 3289 1405 3353 poena,

452 3368 508 3434 sed
538 3368 720 3454 ignominia,
746 3370 917 3453 utriusque
947 3368 1087 3433 libidinis
1116 3367 1271 3431 maculam
1298 3391 1405 3454 prose.

451 3487 587 3558 quetur:
610 3470 670 3534 nisi
682 3470 763 3534 forte
774 3469 907 3534 decorus
922 3470 1086 3535 habendus
1097 3470 1146 3550 sit,
1157 3472 1215 3555 qui
1228 3469 1262 3533 in
1277 3470 1405 3537 hircum

450 3572 695 3638 transformatur
709 3582 766 3634 aut
781 3592 880 3634 suem.

449 3821 530 3905 Cap.
549 3823 598 3884 12.
623 3819 716 3892 Quod
733 3817 837 3880 brutis
855 3823 886 3880 et
904 3816 1139 3880 inseruibs‘libus
1157 3817 1290 3898 quidam
1304 3836 1403 3898 appe·

492 3928 569 3986 tunt
582 3921 792 4002 oonjormari:
815 3927 845 3982 et
860 3925 985 3999 quanto
1000 3919 1204 3980 humanitate
1217 3937 1291 3979 cum
1305 3918 1405 3979 seroie

492 4021 662 4086 vivendum
687 4023 749 4084 sit:
782 4025 813 4082 et
838 4020 878 4081 de
902 4020 1003 4080 trium
1029 4019 1222 4097 reliquorum
1250 4037 1401 4080 sensuum

493 4126 669 4205 voluptate.

495 4278 606 4342 Nutu
630 4280 743 4363 utique
767 4273 976 4340 animantium
1004 4270 1112 4358 generi
1136 4272 1254 4335 rectius
1276 4274 1402 4339 confor-

449 4393 587 4451 mantur,
611 4382 669 4462 qui
695 4399 853 4441 summurn
879 4375 998 4438 bonurn
1026 4377 1113 4449 vitre,
1138 4372 1168 4435 iu
1193 4375 1342 4457 gustandi
1367 4391 1398 4444 et

490 4500 561 4544 VOL.
578 4500 621 4543 1v.
915 4498 935 4540 Τ
