4084 5634
544 833 615 880 cua.
633 815 681 895 rs]
895 832 1149 878 roavcaarrcus.
1436 821 1495 878 117

540 1005 666 1047 carnem
696 1007 769 1047 cum
799 986 951 1069 sanguine
978 1006 1040 1048 non
1070 985 1251 1049 comedetis.
1301 988 1385 1049 Ecce
1414 984 1493 1070 quia

541 1085 736 1172 primigenis,
753 1099 785 1151 et
800 1086 874 1150 filiis
896 1087 977 1162 Noe,
992 1086 1101 1150 eadem
1126 1085 1354 1151 benedictionis
1375 1085 1492 1153 collata

540 1202 589 1252 est
604 1193 719 1274 gratia,
734 1192 843 1254 eadem
859 1190 1034 1254 auctoritas
1049 1189 1225 1274 dignitatis,
1237 1189 1345 1252 eadem
1358 1202 1390 1253 et
1405 1189 1491 1252 cibo-

540 1313 608 1355 rum
625 1291 691 1355 fere
706 1315 852 1356 concessa
863 1301 910 1354 est
922 1291 1129 1376 indulgentia.
1167 1295 1389 1376 Augmentum
1402 1313 1491 1354 narn·

539 1413 613 1477 que,
632 1405 663 1456 et
683 1393 920 1478 multiplicatio,
943 1393 1055 1476 gratia
1078 1393 1295 1457 dilatationem
1318 1393 1486 1476 exprimit:

538 1494 714 1557 dominium
747 1509 852 1570 terrae,
878 1508 910 1558 et
940 1494 1113 1557 bestiarum
1145 1508 1256 1569 terror,
1286 1493 1489 1580 privilegium

538 1596 715 1680 potestatis,
732 1596 915 1660 victualium
938 1595 1136 1670 universitas,
1152 1609 1198 1658 est
1221 1593 1373 1658 iudicium
1398 1594 1490 1660 liber-

539 1697 622 1761 tatis.
667 1698 783 1760 Omuia
800 1694 956 1781 siquidem
974 1694 1093 1759 munda
1114 1693 1251 1759 mundis.
1297 1695 1364 1759 Nec
1388 1696 1490 1761 recolo

539 1796 1490 1885 hujusbenedictionisprivilegiumalioindultumtempore,

538 1923 634 1985 quam
652 1923 718 1986 quo
733 1901 912 1964 innocentia
928 1923 984 1984 per
998 1899 1186 1963 creationem
1203 1899 1278 1964 data
1292 1914 1417 1979 est,aut
1433 1925 1490 1986 per
1524 1976 1528 1980 ¹

537 2002 725 2066 medicinam
742 2003 929 2067 sacramenti
943 2001 991 2065 rel
1005 1999 1201 2087 poenitentiae
1212 2011 1366 2088 reparata.
1405 2004 1488 2066 Nam

538 2118 570 2168 et
596 2104 646 2166 his
669 2101 775 2168 statim
799 2118 871 2190 post
887 2103 1056 2180 diluvium,
1074 2118 1105 2168 et
1130 2103 1191 2167 illis
1215 2121 1288 2168 ante
1310 2119 1488 2191 peccatum,

537 2206 609 2270 ideo
632 2208 715 2271 forte
736 2208 855 2273 dictum
882 2220 943 2285 est,
958 2208 1089 2271 crescite
1112 2220 1143 2271 et
1169 2206 1435 2292 multiplicamini,
1452 2221 1488 2274 ut

538 2307 623 2372 illius
645 2308 814 2373 dumtaxat
836 2322 1056 2394 augmentum,
1080 2321 1112 2373 et
1136 2309 1360 2395 multiplicatio
1381 2313 1489 2396 acqui-

537 2423 638 2490 ratur,
652 2410 738 2496 quod
765 2413 854 2474 Deus
876 2412 995 2475 homini
1018 2409 1154 2475 contulit
1177 2434 1234 2497 per
1257 2425 1414 2488 naturam,
1430 2426 1487 2476 aut

539 2513 720 2575 reformavit
735 2534 792 2598 per
811 2515 957 2597 gratiam.
1004 2516 1077 2576 Hoc
1093 2525 1197 2577 autem
1223 2525 1255 2577 et
1278 2537 1415 2578 cresoere
1435 2516 1489 2601 ju-

539 2614 635 2677 betur
654 2615 686 2676 in
711 2637 755 2693 se,
770 2627 800 2677 et
825 2614 1061 2700 quodammodo
1085 2613 1290 2698 multiplicari
1314 2615 1345 2678 in
1370 2615 1488 2679 sobole.

542 2716 581 2778 lo
598 2738 631 2778 se
648 2714 779 2800 quidem
795 2715 835 2778 ad
860 2715 963 2779 meriti
987 2715 1179 2802 profectum,
1194 2714 1226 2777 in
1249 2715 1366 2795 sobole,
1381 2739 1491 2781 nume·

540 2838 613 2881 rosa
643 2816 782 2903 quadam
811 2818 1040 2903 propagatione
1066 2817 1234 2881 virtutum.
1280 2819 1386 2894 Quum
1416 2840 1490 2882 vero

540 2933 655 2984 natura
669 2921 710 2983 sit
726 2920 839 2985 vitiata
859 2942 916 3006 per
931 2920 1070 3006 culpam,
1086 2932 1122 2983 at
1137 2939 1276 2981 crescere
1300 2932 1355 2983 aut
1381 2919 1491 2983 multi·

539 3021 648 3108 plicari
674 3023 841 3110 jubeatur,
871 3045 932 3086 uon
964 3023 1104 3086 memini.
1157 3022 1250 3085 Licet
1278 3034 1384 3086 autem
1415 3044 1489 3107 quae

539 3124 702 3208 praemissa
717 3135 802 3199 sunt,
818 3138 901 3186 stare
921 3136 1040 3209 queant
1057 3120 1098 3185 ad
1113 3120 1249 3197 literam,
1265 3143 1366 3206 quum
1382 3121 1490 3184 omnia

539 3223 570 3286 in
586 3246 680 3287 usum
693 3223 768 3288 virae
783 3223 920 3287 bominis
932 3224 1058 3301 cedant,
1070 3236 1102 3286 et
1114 3244 1152 3284 ea
1163 3223 1244 3308 ipsa,
1257 3246 1328 3306 quae
1341 3221 1490 3284 videntur

538 3347 606 3386 esse
632 3321 793 3386 mortifera
818 3324 911 3387 etiam
941 3325 1019 3398 risu,
1046 3323 1191 3399 odoratu,
1218 3321 1345 3397 auditu,
1371 3321 1491 3387 nedum

540 3439 628 3490 tactu
645 3429 695 3488 vel
710 3438 820 3510 gustu,
831 3425 940 3510 qualia
954 3437 1028 3488 sunt
1046 3425 1210 3487 nocentius
1226 3445 1388 3504 venenosa,
1399 3423 1491 3487 cibus

540 3527 604 3592 sint
620 3527 768 3605 hominis,
790 3539 847 3590 aut
873 3529 942 3612 ejus
966 3538 1131 3590 vertantur
1156 3525 1188 3590 in
1213 3524 1340 3588 cibum:
1372 3525 1490 3611 poterit

539 3643 642 3693 tamen
658 3642 690 3694 et
706 3626 804 3692 alium
827 3651 950 3692 sensum
979 3640 1135 3693 scrutator
1161 3627 1315 3712 mysticus
1338 3627 1488 3692 invenire.

540 3732 673 3796 Sensum
690 3746 795 3796 tamen
812 3731 996 3795 historicum
1014 3731 1151 3812 roborat,
1166 3729 1253 3816 quod
1277 3731 1378 3817 pisces
1393 3731 1489 3795 sanis·

539 3830 643 3910 simos,
658 3843 689 3894 et
706 3830 800 3907 feras,
815 3849 950 3913 quarum
970 3849 1082 3891 carnes
1105 3828 1282 3892 utilissime
1299 3841 1386 3904 sunt,
1404 3828 1489 3892 vide-

537 3955 609 3996 mus
632 3932 744 3996 crebro
766 3930 1009 3995 venenatissima
1034 3929 1160 4016 reptilia
1184 3929 1347 4016 devorare,
1363 3945 1395 3995 et
1420 3931 1490 4017 ipsa

539 4058 657 4100 venena
682 4035 863 4098 inferuntur
889 4032 1137 4108 medicamentis,
1162 4033 1280 4119 quibus
1304 4055 1367 4096 non
1394 4032 1489 4095 modo

538 4151 654 4201 natura
670 4149 866 4201 sustentatur
886 4135 1036 4214 bumana,
1051 4135 1104 4199 sed
1122 4135 1215 4200 etiam
1237 4135 1401 4198 infirmitas
1416 4156 1490 4196 con·
1525 4193 1527 4197 Α

539 4240 675 4304 valescit.
722 4238 831 4314 Quum
848 4259 924 4301 vero
939 4238 1076 4324 primum
1099 4237 1137 4301 sit
1155 4235 1364 4300 excutiendus
1380 4258 1489 4300 sensus

539 4342 918 4428 liistoricus‚quicunque
943 4340 1083 4403 animum
1109 4337 1156 4401 vel
1184 4337 1224 4402 ad
1249 4337 1356 4413 fidem,
1374 4336 1421 4400 vel
1447 4338 1487 4402 ad

537 4468 636 4531 opera
662 4443 746 4518 fidei,
763 4464 836 4528 quae
864 4454 938 4507 sunt
964 4441 1038 4505 boui
1066 4461 1179 4517 mores,
1201 4439 1302 4523 magis
1327 4440 1487 4517 infor-mar,
